%% This BibTeX bibliography file was created using BibDesk.
%% https://bibdesk.sourceforge.io/

%% Created for Benji at 2022-10-30 18:17:26 -0700 


%% Saved with string encoding Unicode (UTF-8) 



@book{Gelfand:1993aa,
	author = {Gelfand, Israel Moiseevich and Shen, Alexander},
	date-added = {2022-10-30 18:15:40 -0700},
	date-modified = {2022-10-30 18:17:25 -0700},
	publisher = {Birkh\"{a}user},
	series = {Myriad Mathematical Library},
	title = {Algebra},
	year = {1993}}

@article{wason1971natural,
	author = {Wason, Peter Cathcart and Shapiro, Diana},
	date-added = {2022-10-28 17:04:30 -0700},
	date-modified = {2022-10-28 17:04:40 -0700},
	journal = {Quarterly journal of experimental psychology},
	number = {1},
	pages = {63--71},
	title = {Natural and contrived experience in a reasoning problem},
	volume = {23},
	year = {1971}}

@article{Wason:1968aa,
	author = {Wason, Peter Cathcart},
	date-added = {2022-10-28 17:03:45 -0700},
	date-modified = {2022-10-28 17:03:53 -0700},
	journal = {Quarterly journal of experimental psychology},
	number = {3},
	pages = {273--281},
	title = {Reasoning about a rule},
	volume = {20},
	year = {1968}}

@incollection{Wason:1966aa,
	author = {Wason, Peter Cathcart},
	booktitle = {New Horizons in Psychology},
	date-added = {2022-10-28 16:12:02 -0700},
	date-modified = {2022-10-28 16:13:38 -0700},
	editor = {B. M. Foss},
	journal = {Foss, B. M. red.), Penguin Books, London},
	pages = {135--151},
	publisher = {Penguin Books},
	title = {Reasoning},
	year = {1966}}

@article{Johnson-Laird:1969aa,
	author = {Johnson-Laird, Philip N and Tagart, Joanna},
	date-added = {2022-10-28 16:07:13 -0700},
	date-modified = {2022-10-28 16:07:19 -0700},
	journal = {The American Journal of Psychology},
	number = {3},
	pages = {367--373},
	title = {How implication is understood},
	volume = {82},
	year = {1969}}

@article{Harman:1984aa,
	author = {Harman, Gilbert},
	date-added = {2022-10-28 12:45:15 -0700},
	date-modified = {2022-10-28 12:45:34 -0700},
	journal = {Synthese},
	number = {1},
	pages = {107--127},
	title = {Logic and Reasoning},
	volume = {60},
	year = {1984}}

@incollection{Malraux:1968aa,
	author = {Malraux, Andr\'{e}},
	booktitle = {Anti-Memoirs},
	date-added = {2022-10-28 12:05:44 -0700},
	date-modified = {2022-10-28 13:05:33 -0700},
	pages = {11--70},
	publisher = {Holt, Rinehart and Winston, Inc.},
	title = {The Walnut Trees of Altenburg},
	translator = {Kilmartin, Terence},
	year = {1968}}

@incollection{Moore:1959aa,
	author = {Moore, George Edward},
	booktitle = {Philosophical Papers},
	date-added = {2022-10-26 18:07:24 -0700},
	date-modified = {2022-10-26 18:08:05 -0700},
	pages = {127--150},
	publisher = {Allen and Unwin},
	title = {Proof of an External World},
	year = {1959}}

@article{Wright:2004aa,
	author = {Wright, Crispin},
	date-added = {2022-10-26 18:04:01 -0700},
	date-modified = {2022-10-26 18:04:27 -0700},
	journal = {Aristotelian Society Supplementary Volume},
	number = {1},
	pages = {167--212},
	title = {Warrant for Nothing (and Foundations for Free)?},
	volume = {78},
	year = {2004}}

@article{Davies:2004aa,
	author = {Davies, Martin},
	date-added = {2022-10-26 17:56:45 -0700},
	date-modified = {2022-10-26 18:04:28 -0700},
	journal = {Aristotelian Society Supplementary Volume},
	number = {1},
	pages = {213--245},
	title = {Epistemic entitlement, warrant transmission and easy knowledge},
	volume = {78},
	year = {2004}}

@article{Kolodny:2005aa,
	author = {Kolodny, Niko},
	date-added = {2022-10-26 16:26:38 -0700},
	date-modified = {2022-10-26 16:27:04 -0700},
	journal = {Mind},
	number = {455},
	pages = {509-563},
	title = {{Why Be Rational?}},
	volume = {114},
	year = {2005}}

@incollection{Steinberger:2022aa,
	author = {Steinberger, Florian},
	booktitle = {The {Stanford} Encyclopedia of Philosophy},
	date-added = {2022-10-26 16:22:52 -0700},
	date-modified = {2022-10-26 16:22:53 -0700},
	edition = {{W}inter 2022},
	editor = {Edward N. Zalta and Uri Nodelman},
	howpublished = {\url{https://plato.stanford.edu/archives/win2022/entries/logic-normative/}},
	publisher = {Metaphysics Research Lab, Stanford University},
	title = {{The Normative Status of Logic}},
	year = {2022}}

@unpublished{MacFarlane:2004aa,
	author = {MacFarlane, John},
	date-added = {2022-10-26 16:21:38 -0700},
	date-modified = {2022-10-26 16:22:15 -0700},
	note = {presented at the 2004 Central Division APA symposium on the normativity of logic},
	title = {In What Sense (If Any) is Logic Normative for Thought?},
	year = {2004}}

@incollection{Pollock:2002aa,
	author = {Pollock, John L.},
	booktitle = {{Common Sense, Reasoning, and Rationality}},
	date-added = {2022-10-26 15:16:01 -0700},
	date-modified = {2022-10-26 15:16:29 -0700},
	publisher = {Oxford University Press},
	title = {{The Logical Foundations of Means‚ÄêEnd Reasoning}},
	year = {2002}}

@book{Carroll:2009aa,
	author = {Carroll, Lewis},
	date-added = {2022-10-26 13:16:11 -0700},
	date-modified = {2022-10-26 13:17:56 -0700},
	editor = {Hunt, Peter},
	publisher = {Oxford University Press},
	series = {Oxford World's Classics},
	title = {Alice's Adventures in Wonderland and Through the Looking-Glass},
	year = {2009}}

@book{Aesop:2002aa,
	author = {Aesop},
	date-added = {2022-10-26 12:58:05 -0700},
	date-modified = {2022-10-26 13:00:58 -0700},
	publisher = {Oxford University Press},
	series = {Oxford World's Classics},
	title = {Aesop's Fables},
	translator = {Gibbs, Laura},
	year = {2002}}

@incollection{Hempel:1965aa,
	author = {Hempel, Carl Gustav},
	booktitle = {Aspects of Scientific Explanation and Other Essays in the Philosophy of Science},
	date-added = {2022-10-25 14:52:16 -0700},
	date-modified = {2022-10-25 14:53:53 -0700},
	pages = {311--496},
	publisher = {Free press},
	title = {Aspects of Scientific Explanation},
	year = {1965}}

@article{Wilson:1994aa,
	author = {Mark Wilson},
	date-added = {2022-10-24 18:21:01 -0700},
	date-modified = {2022-10-24 18:21:07 -0700},
	journal = {Journal of Philosophy},
	number = {10},
	pages = {519--544},
	title = {Can We Trust Logical Form?},
	volume = {91},
	year = {1994}}

@inproceedings{Partee:1991aa,
	author = {Partee, Barbara},
	booktitle = {Semantics and Linguistic Theory},
	date-added = {2022-10-23 16:35:53 -0700},
	date-modified = {2022-10-23 16:35:54 -0700},
	pages = {159--188},
	title = {Topic, focus and quantification},
	volume = {1},
	year = {1991}}

@incollection{Lewis:1975aa,
	author = {Lewis, David Kellog},
	booktitle = {Formal Semantics of Natural Language},
	date-added = {2022-10-23 16:34:54 -0700},
	date-modified = {2022-10-23 16:35:01 -0700},
	editor = {Edward L. Keenan},
	pages = {3--15},
	publisher = {Cambridge University Press},
	title = {Adverbs of Quantification},
	year = {1975}}

@article{Sosa:1999aa,
	author = {Ernest Sosa},
	date-added = {2022-10-23 16:27:20 -0700},
	date-modified = {2022-10-23 16:27:29 -0700},
	journal = {Philosophical Perspectives},
	pages = {137--49},
	title = {How to Defeat Opposition to Moore},
	volume = {13},
	year = {1999}}

@article{Chisholm:1955aa,
	author = {Chisholm, Roderick M.},
	date-added = {2022-10-21 17:46:35 -0700},
	date-modified = {2022-10-21 17:46:44 -0700},
	journal = {Analysis},
	month = {04},
	number = {5},
	pages = {97-105},
	title = {{Law Statements and Counterfactual Inference1}},
	volume = {15},
	year = {1955}}

@article{Kratzer:1989aa,
	author = {Kratzer, Angelika},
	date-added = {2022-10-21 17:42:54 -0700},
	date-modified = {2022-10-21 17:43:08 -0700},
	journal = {Linguistics and Philosophy},
	number = {5},
	pages = {607--653},
	title = {An investigation of the lumps of thought},
	volume = {12},
	year = {1989}}

@article{Kratzer:1981aa,
	author = {Kratzer, Angelika},
	date-added = {2022-10-21 17:40:42 -0700},
	date-modified = {2022-10-21 17:41:00 -0700},
	journal = {Journal of Philosophical Logic},
	number = {2},
	pages = {201--216},
	title = {Partition and revision: The semantics of counterfactuals},
	volume = {10},
	year = {1981}}

@article{Richstein:2001aa,
	author = {Richstein, J{\"o}rg},
	date-added = {2022-10-18 17:54:57 -0700},
	date-modified = {2022-10-18 17:59:04 -0700},
	journal = {Mathematics of computation},
	number = {236},
	pages = {1745--1749},
	title = {Verifying the Goldbach conjecture up to \(4 \cdot 10^{14}\)},
	volume = {70},
	year = {2001}}

@book{Kripke:1982aa,
	author = {Kripke, Saul},
	date-added = {2022-10-16 18:57:35 -0700},
	date-modified = {2022-10-21 17:42:47 -0700},
	publisher = {Harvard University Press},
	title = {Wittgenstein on Rules and Private Language: An Elementary Exposition},
	year = {1982}}

@article{Fodor:2000aa,
	author = {Jerry Fodor},
	date-added = {2022-10-16 18:44:21 -0700},
	date-modified = {2022-10-16 18:44:26 -0700},
	journal = {Cognition},
	number = {1},
	pages = {29--32},
	title = {Why We Are so Good at Catching Cheaters},
	volume = {75},
	year = {2000}}

@article{Stroud:1979aa,
	author = {Stroud, Barry},
	date-added = {2022-10-14 14:33:06 -0700},
	date-modified = {2022-10-14 14:33:16 -0700},
	journal = {Mind},
	number = {350},
	pages = {179--196},
	title = {Inference, Belief, and Understanding},
	volume = {88},
	year = {1979}}

@article{Peacocke:2021aa,
	author = {Antonia Peacocke},
	date-added = {2022-10-13 16:22:20 -0700},
	date-modified = {2022-10-13 16:22:20 -0700},
	doi = {10.1111/phc3.12741},
	journal = {Philosophy Compass},
	number = {6},
	pages = {e12741},
	title = {Mental Action},
	volume = {16},
	year = {2021}}

@article{Black:1951aa,
	author = {Black, Max},
	date-added = {2022-10-12 18:06:09 -0700},
	date-modified = {2022-10-12 18:06:26 -0700},
	journal = {Analysis},
	number = {5},
	pages = {91-101},
	title = {{Achilles and the Tortoise}},
	volume = {11},
	year = {1951}}

@book{Wittgenstein:1958aa,
	author = {Wittgenstein, Ludwig},
	date-added = {2022-10-11 17:43:26 -0700},
	date-modified = {2022-10-11 17:43:51 -0700},
	publisher = {Blackwell},
	title = {Philosophical Investigations},
	year = {1958}}

@book{Chomsky:2015aa,
	author = {Chomsky, Noam},
	date-added = {2022-10-11 11:36:30 -0700},
	date-modified = {2022-10-11 11:37:44 -0700},
	edition = {50th anniversary edition},
	publisher = {The MIT Press},
	title = {Aspects of the Theory of Syntax},
	year = {2015}}

@article{Lewis:1973aa,
	author = {Lewis, David Kellog},
	date-added = {2022-09-28 12:21:38 -0700},
	date-modified = {2022-09-28 12:21:57 -0700},
	journal = {Journal of Philosophy},
	number = {17},
	pages = {556--567},
	title = {Causation},
	volume = {70},
	year = {1973}}

@book{Sanford:1989aa,
	author = {Sanford, David Hawley},
	date-added = {2022-09-28 12:15:03 -0700},
	date-modified = {2022-09-28 12:17:29 -0700},
	publisher = {Routledge},
	series = {The problems of philosophy},
	title = {If P, Then Q: Conditionals and the Foundations of Reasoning},
	year = {1989}}

@incollection{Gupta:2021aa,
	author = {Gupta, Anil},
	booktitle = {The {Stanford} Encyclopedia of Philosophy},
	date-added = {2022-09-27 17:59:29 -0700},
	date-modified = {2022-09-27 17:59:29 -0700},
	edition = {{W}inter 2021},
	editor = {Edward N. Zalta},
	howpublished = {\url{https://plato.stanford.edu/archives/win2021/entries/definitions/}},
	publisher = {Metaphysics Research Lab, Stanford University},
	title = {{Definitions}},
	year = {2021}}

@book{Sumner:1987aa,
	address = {Oxford},
	author = {Sumner, Leonard Wayne},
	date-added = {2022-09-27 17:55:20 -0700},
	date-modified = {2022-09-27 17:56:39 -0700},
	publisher = {Clarendon Press},
	title = {The Moral Foundation of Rights},
	year = {1987}}

@incollection{Rapoport:1989ww,
	author = {Rapoport, Anatol},
	booktitle = {Game theory},
	date-added = {2022-09-21 16:13:59 -0700},
	date-modified = {2022-09-21 16:15:54 -0700},
	editor = {Eatwell, John and Milgate, Murray and Newman, Peter},
	pages = {199},
	publisher = {The Macmillan Press Limited},
	title = {Prisoner's Dilemma},
	year = {1989}}

@incollection{Gardner:1983wn,
	address = {New York},
	author = {Gardner, Martin},
	booktitle = {Wheels, life, and othrr mathenlatical aniusemenrs},
	date-added = {2022-09-19 17:19:49 -0700},
	date-modified = {2022-09-19 17:20:49 -0700},
	pages = {94--105},
	publisher = {W.\ H.\ Freeman and Company},
	title = {Ticktacktoe games},
	year = {1983}}

@book{Moore:1962up,
	author = {Moore, George Edward},
	date-added = {2022-09-19 13:27:14 -0700},
	date-modified = {2022-09-19 13:30:16 -0700},
	editor = {Lewy, Casimir},
	publisher = {George Allen \& Unwin Ltd.},
	series = {Muirhead Library of Philosophy},
	title = {Commonplace Book},
	year = {1962}}

@incollection{Gardner:1986wp,
	address = {New York},
	author = {Gardner, Martin},
	booktitle = {Knotted doughnuts and other mathematical entertainments},
	date-added = {2022-09-16 11:25:47 -0700},
	date-modified = {2022-09-16 17:40:26 -0700},
	pages = {155--161},
	publisher = {W.\ H.\ Freeman and Company},
	title = {Newcomb's Paradox},
	year = {1986}}

@incollection{Foley:2009vl,
	author = {Richard Foley},
	booktitle = {Degrees of Belief},
	date-added = {2022-09-09 16:04:31 -0700},
	date-modified = {2022-09-09 16:13:57 -0700},
	editor = {Franz Huber and Christoph Schmidt{-}Petri},
	pages = {37--47},
	publisher = {Springer},
	series = {Synthese Library},
	title = {Beliefs, Degrees of Belief, and the Lockean Thesis},
	volume = {342},
	year = {2009}}

@article{Asher:1992ug,
	author = {Asher, Nicholas},
	date-added = {2022-09-09 12:21:23 -0700},
	date-modified = {2022-10-06 13:33:07 -0700},
	journal = {Linguistics and Philosophy},
	pages = {463--508},
	title = {A default, truth conditional semantics for the progressive},
	year = {1992}}

@article{Lewis:1979vm,
	author = {Lewis, David Kellog},
	date-added = {2022-09-07 19:31:04 -0700},
	date-modified = {2022-09-28 12:53:01 -0700},
	journal = {No\^{u}s},
	number = {4},
	pages = {455--476},
	title = {Counterfactual Dependence and Time's Arrow},
	volume = {13},
	year = {1979}}

@article{Gelman:2002ww,
	author = {Andrew Gelman and Deborah Nolan},
	date-added = {2022-09-06 13:41:54 -0700},
	date-modified = {2022-09-06 13:42:03 -0700},
	journal = {The American Statistician},
	number = {4},
	pages = {308-311},
	title = {You Can Load a Die, But You Can't Bias a Coin},
	volume = {56},
	year = {2002}}

@article{Keller:1986tz,
	author = {Joseph B. Keller},
	date-added = {2022-09-06 13:40:43 -0700},
	date-modified = {2022-09-06 13:40:53 -0700},
	journal = {The American Mathematical Monthly},
	number = {3},
	pages = {191-197},
	title = {The Probability of Heads},
	volume = {93},
	year = {1986}}

@book{Russell:1912th,
	address = {Oxford},
	author = {Bertrand Russell},
	date-added = {2022-09-05 18:01:41 -0700},
	date-modified = {2022-09-05 18:06:16 -0700},
	number = {40},
	publisher = {Oxford University Press},
	series = {The Home University Library of Modern Knowledge},
	title = {The Problems of Philosophy},
	year = {1951}}

@book{Kierkegaard:1983ta,
	address = {Princeton},
	author = {Kierkegaard, S{\o}ren},
	date-added = {2022-09-05 17:48:57 -0700},
	date-modified = {2022-09-05 17:50:21 -0700},
	editor = {Hong, Howard Vincent and Hong, Edna Hatlestad},
	publisher = {Princeton University Press},
	title = {Fear and Trembling; Repetition},
	year = {1983}}

@book{Hamann:1822vp,
	address = {Berlin},
	author = {Johann Georg Hamann},
	date-added = {2022-09-05 17:38:57 -0700},
	date-modified = {2022-09-05 17:47:58 -0700},
	editor = {von Roth, Friedrich and Wiener, Gaston Adolph},
	publisher = {Bey G. Reimer},
	title = {Hamann's Schriften},
	volume = {3},
	year = {1822}}

@book{Coussement:2007up,
	address = {New York},
	author = {Coussement, Frank and De Schepper, Peter},
	date-added = {2022-09-05 13:43:57 -0700},
	date-modified = {2022-09-05 13:45:04 -0700},
	publisher = {Sterling Publishing Co., Inc.},
	title = {Farm Animal Sudoku},
	year = {2007}}

@article{Horty:1995wu,
	author = {John F. Horty and Nuel Belnap},
	date-added = {2022-09-02 16:38:14 -0700},
	date-modified = {2022-09-02 16:38:15 -0700},
	journal = {Journal of Philosophical Logic},
	number = {6},
	pages = {583--644},
	publisher = {Springer},
	title = {The Deliberative Stit: A Study of Action, Omission, Ability, and Obligation},
	volume = {24},
	year = {1995}}

@article{Brown:1988tl,
	author = {Mark A. Brown},
	date-added = {2022-09-02 16:37:29 -0700},
	date-modified = {2022-09-02 16:37:29 -0700},
	journal = {Journal of Philosophical Logic},
	number = {1},
	pages = {1--26},
	publisher = {Springer},
	title = {On the Logic of Ability},
	volume = {17},
	year = {1988}}

@incollection{Stalnaker:1968vt,
	author = {Robert C. Stalnaker},
	booktitle = {Studies in Logical Theory},
	date-added = {2022-09-01 19:16:23 -0700},
	date-modified = {2022-09-01 19:16:46 -0700},
	editor = {Nicholas Rescher},
	number = {2},
	pages = {98--112},
	publisher = {Oxford: Blackwell},
	series = {American Philosophical Quarterly Monographs},
	title = {A Theory of Conditionals},
	year = {1968}}

@article{Wilson:1988wx,
	author = {Mark Wilson},
	date-added = {2022-09-01 13:26:56 -0700},
	date-modified = {2022-09-01 13:27:07 -0700},
	journal = {Philosophical Topics},
	number = {1},
	pages = {285--336},
	title = {Nature's Demands on Language},
	volume = {16},
	year = {1988}}

@article{Palmer:1977wb,
	author = {Palmer, Frank Robert},
	date-added = {2022-09-01 13:19:57 -0700},
	date-modified = {2022-10-14 15:03:55 -0700},
	journal = {Journal of Linguistics},
	number = {1},
	pages = {1--23},
	title = {Modals and actuality},
	volume = {13},
	year = {1977}}

@incollection{Asher:2012vr,
	author = {Asher, Nicholas},
	booktitle = {Philosophy of Linguistics},
	date-added = {2022-09-01 13:05:50 -0700},
	date-modified = {2022-10-06 13:33:11 -0700},
	editor = {Ruth Kempson and Tim Fernando and Nicholas Asher},
	pages = {229--269},
	publisher = {North Holland},
	series = {Handbook of Philosophy of Science},
	title = {Context in Content Composition},
	volume = {14},
	year = {2012}}

@book{Partee:1990tu,
	author = {Partee, Barbara Hall and ter Meulen, Alice G and Wall, Robert E},
	date-added = {2022-09-01 13:00:47 -0700},
	date-modified = {2022-09-01 13:01:49 -0700},
	publisher = {Kluwer Academic Publishers},
	series = {Studies in Linguistics and Philosophy},
	title = {Mathematical methods in linguistics},
	volume = {30},
	year = {1990}}

@incollection{Taylor:2011uh,
	author = {Richard Taylor and Steven M. Cahn},
	booktitle = {Thinking about Logic: Classic essays},
	date-added = {2022-09-01 12:51:16 -0700},
	date-modified = {2022-09-01 12:55:23 -0700},
	editor = {Steven M. Cahn and Robert B. Talisse and Scott F. Aikin},
	pages = {137--144},
	publisher = {Westview Press},
	title = {Time, Truth, and Ability},
	year = {2011}}

@incollection{Russell:1908tx,
	address = {Cambridge, Massachusetts},
	author = {Russell, Bertrand},
	booktitle = {From Frege to G\"{o}del},
	date-added = {2022-09-01 12:18:29 -0700},
	date-modified = {2022-09-01 12:47:03 -0700},
	editor = {van Heijenoort},
	number = {1967},
	pages = {152--182},
	publisher = {Harvard University Press},
	title = {Mathematical logic as based on the theory of types},
	year = {1908}}

@incollection{Quine:1967tv,
	address = {Cambridge, Massachusetts},
	author = {Willard V. Quine},
	booktitle = {From Frege to G\"{o}del},
	date-added = {2022-09-01 12:18:02 -0700},
	date-modified = {2022-09-01 12:22:17 -0700},
	editor = {van Heijenoort},
	pages = {150--152},
	publisher = {Harvard University Press},
	title = {Introduction to (\cite{Russell:1908tx})},
	year = {1967}}

@article{Blok:1980th,
	author = {Blok, Willem J},
	date-added = {2022-09-01 12:12:33 -0700},
	date-modified = {2022-09-01 12:12:33 -0700},
	journal = {The Journal of Symbolic Logic},
	number = {2},
	pages = {221--236},
	publisher = {Cambridge University Press},
	title = {The lattice of modal logics: an algebraic investigation},
	volume = {45},
	year = {1980}}

@incollection{Blackburn:2007wa,
	address = {Amsterdam},
	author = {Blackburn, Patrick and van Benthem, Johan},
	booktitle = {Handbook of modal logic},
	date-added = {2022-09-01 12:10:05 -0700},
	date-modified = {2022-09-01 12:11:48 -0700},
	editor = {Blackburn, Patrick and van Benthem, Johan and Wolter, Frank},
	pages = {1--84},
	publisher = {Elsevier},
	series = {Studies in logic and practical reasoning},
	title = {Modal Logic: A Semantic Perspective},
	volume = {3},
	year = {2007}}

@article{Lascarides:1991wo,
	author = {Lascarides, Alex},
	date-added = {2022-08-31 15:31:01 -0700},
	date-modified = {2022-08-31 15:31:06 -0700},
	journal = {Synthese},
	pages = {401--447},
	title = {The progressive and the imperfective paradox},
	year = {1991}}

@incollection{Kenny:1976vh,
	address = {Dordrecht},
	author = {Kenny, Anthony},
	booktitle = {Essays on Explanation and Understanding},
	date-added = {2022-08-31 13:19:38 -0700},
	date-modified = {2022-08-31 13:22:23 -0700},
	editor = {J. Manninen and R. Tuomela},
	pages = {209--232},
	publisher = {D. Reidel Publishing Company},
	title = {Human abilities and dynamic modalities},
	year = {1976}}

@article{Carroll:2016wl,
	author = {Carroll, Lewis},
	date-added = {2022-08-31 12:21:22 -0700},
	date-modified = {2022-09-28 12:24:14 -0700},
	editor = {F. F. Abeles and A. Moktefi,},
	journal = {The Carrollian: The Lewis Carroll Journal},
	number = {28},
	pages = {9--13},
	title = {Lewis Carroll: Correspondence with G. F. Stout, the editor of \emph{Mind}},
	year = {2016}}

@book{Negri:2008wy,
	author = {Negri, Sara and von Plato, Jan},
	date-added = {2022-08-30 18:07:13 -0700},
	date-modified = {2022-08-30 18:20:46 -0700},
	publisher = {Cambridge university press},
	title = {Structural proof theory},
	year = {2008}}

@book{Troelstra:2000ue,
	author = {Troelstra, Anne Sjerp and Schwichtenberg, Helmut},
	date-added = {2022-08-30 17:38:16 -0700},
	date-modified = {2022-08-30 17:38:49 -0700},
	edition = {2nd},
	number = {43},
	publisher = {Cambridge University Press},
	series = {Cambridge Tracts in Theoretical Computer Science},
	title = {Basic proof theory},
	year = {2000}}

@article{Tichy:1976tp,
	author = {Tich\'y, Pavel},
	date-added = {2022-08-29 16:18:40 -0700},
	date-modified = {2022-09-28 12:24:28 -0700},
	journal = {Philosophical Studies},
	number = {4},
	pages = {271--273},
	title = {A Counterexample to the Stalnaker-Lewis Analysis of Counterfactuals},
	volume = {29},
	year = {1976}}

@article{Schulz:2011vg,
	author = {Katrin Schulz},
	date-added = {2022-08-29 16:07:24 -0700},
	date-modified = {2022-08-29 16:08:12 -0700},
	journal = {Synthese},
	number = {2},
	pages = {239--251},
	title = {``If you'd wiggled A, then B would've changed'': Causality and counterfactual conditionals},
	volume = {179},
	year = {2011}}

@article{Veltman:2005tj,
	author = {Frank Veltman},
	date-added = {2022-08-29 16:05:11 -0700},
	date-modified = {2022-09-28 12:29:13 -0700},
	journal = {Journal of Semantics},
	number = {2},
	pages = {159--180},
	title = {Making Counterfactual Assumptions},
	volume = {22},
	year = {2005}}

@book{Lewis:1973th,
	author = {Lewis, David Kellog},
	date-added = {2022-08-29 15:30:31 -0700},
	date-modified = {2022-09-28 12:35:44 -0700},
	publisher = {Blackwell},
	title = {Counterfactuals},
	year = {1973}}

@article{Fine:1975tj,
	author = {Kit Fine},
	date-added = {2022-08-29 15:25:46 -0700},
	date-modified = {2022-08-29 15:25:47 -0700},
	journal = {Mind},
	number = {335},
	pages = {451--458},
	publisher = {Taylor \& Francis},
	title = {Critical Notice of Lewis, Counterfactuals},
	volume = {84},
	year = {1975}}

@incollection{Portner:2011vi,
	author = {Portner, Paul},
	booktitle = {Semantics: An International Handbook of Natural Language Meaning},
	date-added = {2022-08-25 13:15:51 -0700},
	date-modified = {2022-08-25 13:18:10 -0700},
	editor = {von Heusinger, Klaus and Maienborn, Claudia and Portner, Paul},
	pages = {1217--1261},
	publisher = {de Gruyter},
	title = {Perfect and progressive},
	volume = {2},
	year = {2011}}

@article{Richards:1981wo,
	author = {Richards, Jack C},
	date-added = {2022-08-25 12:45:31 -0700},
	date-modified = {2022-08-25 13:20:33 -0700},
	journal = {TESOL Quarterly},
	number = {4},
	pages = {391--402},
	publisher = {Wiley Online Library},
	title = {Introducing the progressive},
	volume = {15},
	year = {1981}}

@book{Jaster:2020wv,
	address = {Berlin},
	author = {Romy Jaster},
	date-added = {2022-08-24 17:31:44 -0700},
	date-modified = {2022-08-24 17:32:11 -0700},
	publisher = {de Gruyter},
	title = {Agents' Abilities},
	year = {2020}}

@incollection{Thalberg:1969ta,
	address = {New York},
	author = {Thalberg, Irving},
	booktitle = {Symposium on J. L. Austin},
	date-added = {2022-08-24 16:09:39 -0700},
	date-modified = {2022-08-24 16:10:26 -0700},
	editor = {K. T. Fann},
	pages = {182--205},
	publisher = {Humanities Press Inc.},
	title = {Austin on Abilities},
	year = {1969}}

@article{Hacquard:2009ta,
	author = {Valentine Hacquard},
	date-added = {2022-08-24 16:01:21 -0700},
	date-modified = {2022-08-24 16:01:22 -0700},
	journal = {Linguistics and Philosophy},
	number = {3},
	pages = {279--315},
	publisher = {Springer},
	title = {On the Interaction of Aspect and Modal Auxiliaries},
	volume = {32},
	year = {2009}}

@article{Lewis:1976us,
	author = {Lewis, David Kellog},
	date-added = {2022-08-23 17:48:05 -0700},
	date-modified = {2022-09-28 12:22:45 -0700},
	journal = {American Philosophical Quarterly},
	number = {2},
	pages = {145--152},
	publisher = {University of Illinois Press},
	title = {The Paradoxes of Time Travel},
	volume = {13},
	year = {1976}}

@incollection{Kratzer:1981vn,
	address = {Berlin},
	author = {Kratzer, Angelika},
	booktitle = {Words, Worlds, and Contexts: New Approaches in Word Semantics},
	date-added = {2022-08-23 17:46:11 -0700},
	date-modified = {2022-08-23 17:47:23 -0700},
	editor = {Eikmeyer, H. and Rieser, H.},
	pages = {38--74},
	publisher = {de Gruyter},
	title = {The Notional Category of Modality},
	year = {1981}}

@inbook{Hilpinen:1969vw,
	address = {Dordrecht},
	author = {Hilpinen, Risto},
	booktitle = {Philosophical Logic},
	date-added = {2022-08-23 17:40:29 -0700},
	date-modified = {2022-08-23 17:40:39 -0700},
	editor = {Davis, J. W. and Hockney, D. J. and Wilson, W. K.},
	pages = {181--193},
	publisher = {Springer Netherlands},
	title = {An Analysis of Relativised Modalities},
	year = {1969}}

@article{Maier:2018uo,
	author = {John Maier},
	date-added = {2022-08-23 17:34:55 -0700},
	date-modified = {2022-08-23 17:34:56 -0700},
	journal = {Philosophical Studies},
	number = {2},
	pages = {411--428},
	publisher = {Springer Verlag},
	title = {Ability, Modality, and Genericity},
	volume = {175},
	year = {2018}}

@article{Kittle:2015tb,
	author = {Simon Kittle},
	date-added = {2022-08-23 15:53:29 -0700},
	date-modified = {2022-08-23 15:53:59 -0700},
	journal = {Philosophical Studies},
	number = {11},
	pages = {3017--3035},
	publisher = {Springer Verlag},
	title = {Abilities to Do Otherwise},
	volume = {172},
	year = {2015}}

@article{Whittle:2010wr,
	author = {Ann Whittle},
	date-added = {2022-08-23 15:51:33 -0700},
	date-modified = {2022-08-23 15:51:34 -0700},
	journal = {Philosophers' Imprint},
	publisher = {Mpublishing},
	title = {Dispositional Abilities},
	volume = {10},
	year = {2010}}

@article{Carter:2021wd,
	author = {J. Adam Carter},
	date-added = {2022-08-23 13:19:38 -0700},
	date-modified = {2022-08-23 13:19:39 -0700},
	journal = {Synthese},
	number = {3},
	pages = {2495--2509},
	publisher = {Springer},
	title = {Exercising Abilities},
	volume = {198},
	year = {2021}}

@book{Cormen:2009uw,
	address = {Cambridge, Massachusetts},
	author = {Cormen, Thomas H and Leiserson, Charles E and Rivest, Ronald L and Stein, Clifford},
	date-added = {2022-08-22 18:25:59 -0700},
	date-modified = {2022-08-22 18:26:49 -0700},
	edition = {Third},
	publisher = {The MIT press},
	title = {Introduction to algorithms},
	year = {2009}}

@book{Dowty:1979vq,
	address = {Dordrecht},
	author = {Dowty, David R},
	date-added = {2022-08-22 17:19:11 -0700},
	date-modified = {2022-08-22 17:20:09 -0700},
	publisher = {Kluwer},
	series = {Studies in Linguistics and Philosophy},
	title = {Word meaning and Montague grammar: The semantics of verbs and times in generative semantics and in Montague's PTQ},
	volume = {7},
	year = {1979}}

@book{Bennett:1972uw,
	address = {Bloomington},
	author = {Bennett, Michael Ruisdael and Partee, Barbara Hall},
	date-added = {2022-08-22 17:17:12 -0700},
	date-modified = {2022-08-22 17:17:46 -0700},
	publisher = {Indiana University Linguistics Club},
	title = {Towards the logic of tense and aspect in English},
	year = {1972}}

@article{Bach:1986tb,
	author = {Bach, Emmon},
	date-added = {2022-08-22 16:59:13 -0700},
	date-modified = {2022-08-26 17:51:09 -0700},
	journal = {Linguistics and Philosophy},
	number = {1},
	pages = {5--16},
	title = {The algebra of events},
	volume = {9},
	year = {1986}}

@inproceedings{Engelberg:1999vi,
	author = {Engelberg, Stefan},
	booktitle = {Deseret Language and Linguistic Society Symposium},
	date-added = {2022-08-22 16:14:26 -0700},
	date-modified = {2022-08-22 16:14:26 -0700},
	number = {1},
	pages = {5},
	title = {The'Imperfective-Paradox'Paradox and other Problems with the Semantics of the Progressive Aspect},
	volume = {25},
	year = {1999}}

@article{Szabo:2004ul,
	author = {Zoltan Gendler Szabo},
	date-added = {2022-08-21 16:49:14 -0700},
	date-modified = {2022-08-21 16:49:14 -0700},
	journal = {No\^{u}s},
	number = {1},
	pages = {29--59},
	title = {On the Progressive and the Perfective},
	volume = {38},
	year = {2004}}

@article{Bonomi:1997uq,
	author = {Bonomi, Andrea},
	date-added = {2022-08-21 16:48:52 -0700},
	date-modified = {2022-08-21 16:48:52 -0700},
	journal = {Journal of Semantics},
	number = {2},
	pages = {173--205},
	publisher = {Oxford University Press},
	title = {The progressive and the structure of events},
	volume = {14},
	year = {1997}}

@article{Portner:1998um,
	author = {Portner, Paul},
	date-added = {2022-08-21 16:37:04 -0700},
	date-modified = {2022-08-21 16:37:40 -0700},
	journal = {Language},
	number = {4},
	pages = {760--787},
	title = {The progressive in modal semantics},
	volume = {74},
	year = {1998}}

@article{Landman:1992wh,
	author = {Fred Landman},
	date-added = {2022-08-21 16:34:14 -0700},
	date-modified = {2022-08-21 16:34:15 -0700},
	journal = {Natural Language Semantics},
	number = {1},
	pages = {1--32},
	title = {The Progressive},
	volume = {1},
	year = {1992}}

@article{Kikkert:2022wp,
	author = {Sophie Kikkert},
	date-added = {2022-08-21 15:51:14 -0700},
	date-modified = {2022-08-21 15:51:51 -0700},
	journal = {Proceedings of the Aristotelian Society},
	title = {Ability's Two Dimensions of Robustness},
	year = {2022}}

@article{Kadane:1996vu,
	author = {Joseph B. Kadane and Mark J. Schervish and Teddy Seidenfeld},
	date-added = {2022-08-18 16:20:15 -0700},
	date-modified = {2022-08-18 16:20:15 -0700},
	journal = {Philosophy of Science},
	number = {3},
	pages = {289},
	publisher = {University of Chicago Press},
	title = {When Several Bayesians Agree That There Will Be No Reasoning to a Foregone Conclusion},
	volume = {63},
	year = {1996}}

@book{Machover:1996vu,
	address = {Cambridge},
	author = {Machover, Mosh\'{e}},
	date-added = {2022-08-18 16:10:16 -0700},
	date-modified = {2022-08-18 16:10:50 -0700},
	publisher = {Cambridge University Press},
	title = {Set Theory, Logic and their Limitations},
	year = {1996}}

@article{Grice:1957vg,
	author = {Grice, Herbert Paul},
	date-added = {2022-08-18 16:03:22 -0700},
	date-modified = {2022-08-18 16:03:54 -0700},
	journal = {Philosophical Review},
	number = {3},
	pages = {377--388},
	publisher = {Duke University Press},
	title = {Meaning},
	volume = {66},
	year = {1957}}

@book{Goldman:1999wr,
	author = {Alvin Ira Goldman},
	date-added = {2022-08-18 15:46:32 -0700},
	date-modified = {2022-08-18 15:46:33 -0700},
	publisher = {Oxford, England: Oxford University Press},
	title = {Knowledge in a Social World},
	year = {1999}}

@book{kurufushamashii:2015un,
	author = {„Ç∞„É´„Éº„Éó„Éª„Ç∏„É£„Éû„Ç∑„Ç§},
	date-added = {2022-08-18 15:42:16 -0700},
	date-modified = {2022-08-18 15:44:23 -0700},
	publisher = {„Åè„Çç„Åó„ÅäÂá∫Áâà},
	title = {Êó•Êú¨Ë™ûÊñáÂûãËæûÂÖ∏ Ëã±Ë™ûÁâà ---A Handbook of Japanese Grammar Patterns for Teachers and Learners},
	year = {2015}}

@incollection{Jacquette:2002up,
	address = {Oxford},
	author = {Jacquette, Dale},
	booktitle = {A Companion to Philosophical Logic},
	date-added = {2022-08-18 15:37:27 -0700},
	date-modified = {2022-08-18 15:38:23 -0700},
	editor = {Jacquette, Dale},
	pages = {1--8},
	publisher = {Blackwell},
	title = {Introduction: Logic, Philosophy, and Philosophical Logic},
	year = {2002}}

@book{Carnap:1962ue,
	address = {Chicago},
	author = {Rudolf Carnap},
	date-added = {2022-08-16 18:42:29 -0700},
	date-modified = {2022-08-16 18:43:20 -0700},
	edition = {2nd},
	publisher = {University of Chicago Press},
	title = {Logical Foundations of Probability},
	year = {1962}}

@book{Achinstein:2001ub,
	author = {Achinstein, Peter},
	date-added = {2022-08-16 18:41:04 -0700},
	date-modified = {2022-10-06 13:33:40 -0700},
	publisher = {Oxford University Press},
	title = {{The Book of Evidence}},
	year = {2001}}

@incollection{Williams:1979wi,
	author = {Bernard Williams},
	booktitle = {Rational Action},
	date-added = {2022-08-16 17:37:53 -0700},
	date-modified = {2022-08-16 17:37:53 -0700},
	editor = {Ross Harrison},
	pages = {101--113},
	publisher = {Cambridge University Press},
	title = {Internal and External Reasons},
	year = {1979}}

@article{Way:2016vq,
	author = {Jonathan Way},
	date-added = {2022-08-16 17:30:20 -0700},
	date-modified = {2022-08-16 17:30:22 -0700},
	journal = {Philosophical Quarterly},
	number = {265},
	pages = {805--818},
	publisher = {Oxford University Press (Oup)},
	title = {Two Arguments for Evidentialism},
	volume = {66},
	year = {2016}}

@article{Feldman:1985wx,
	author = {Richard Feldman and Earl Conee},
	date-added = {2022-08-16 17:21:53 -0700},
	date-modified = {2022-08-16 17:21:54 -0700},
	journal = {Philosophical Studies},
	number = {1},
	pages = {15--34},
	publisher = {Oxford: Oxford University Press},
	title = {Evidentialism},
	volume = {48},
	year = {1985}}

@article{Lewis:1997wg,
	author = {Lewis, David Kellog},
	date-added = {2022-08-16 13:40:41 -0700},
	date-modified = {2022-09-28 12:23:10 -0700},
	journal = {Philosophical Quarterly},
	number = {187},
	pages = {143--158},
	title = {Finkish Dispositions},
	volume = {47},
	year = {1997}}

@incollection{Henderson:2020wb,
	author = {Henderson, Leah},
	booktitle = {The {Stanford} Encyclopedia of Philosophy},
	date-added = {2022-08-14 19:12:34 -0700},
	date-modified = {2022-08-14 19:12:34 -0700},
	edition = {{S}pring 2020},
	editor = {Edward N. Zalta},
	howpublished = {\url{https://plato.stanford.edu/archives/spr2020/entries/induction-problem/}},
	publisher = {Metaphysics Research Lab, Stanford University},
	title = {{The Problem of Induction}},
	year = {2020}}

@book{Vickers:1989tr,
	author = {Vickers, Steven},
	date-added = {2022-08-14 18:31:23 -0700},
	date-modified = {2022-08-14 18:31:24 -0700},
	publisher = {Cambridge University Press},
	title = {Topology via logic},
	year = {1989}}

@incollection{Pelletier:2021vp,
	author = {Pelletier, Francis Jeffry and Hazen, Allen},
	booktitle = {The {Stanford} Encyclopedia of Philosophy},
	date-added = {2022-08-12 19:02:25 -0700},
	date-modified = {2022-08-12 19:02:26 -0700},
	edition = {{W}inter 2021},
	editor = {Edward N. Zalta},
	howpublished = {\url{https://plato.stanford.edu/archives/win2021/entries/natural-deduction/}},
	publisher = {Metaphysics Research Lab, Stanford University},
	title = {{Natural Deduction Systems in Logic}},
	year = {2021}}

@incollection{Austin:1961vz,
	address = {Oxford},
	author = {Austin, John Langshaw},
	booktitle = {Philosophical Papers},
	date-added = {2022-08-10 15:48:17 -0700},
	date-modified = {2022-08-10 15:50:06 -0700},
	editor = {Urmson, J. O. and Warnock, G. J.},
	pages = {153--180},
	publisher = {Clarendon Press},
	title = {Ifs and Cans},
	year = {1961}}

@article{Smith:1987vk,
	author = {Michael Smith},
	date-added = {2022-08-08 17:16:17 -0700},
	date-modified = {2022-08-08 17:16:18 -0700},
	journal = {Mind},
	number = {381},
	pages = {36--61},
	publisher = {Oxford University Press},
	title = {The Humean Theory of Motivation},
	volume = {96},
	year = {1987}}

@incollection{Davidson:1973vd,
	address = {Oxford},
	author = {Davidson, Donald},
	booktitle = {Essays on actions and events: Philosophical essays},
	date-added = {2022-08-04 12:35:58 -0700},
	date-modified = {2022-08-04 12:37:02 -0700},
	publisher = {Oxford University Press},
	title = {Freedom to Act},
	year = {1973}}

@book{Alvarez:2010to,
	author = {Alvarez, Maria},
	date-added = {2022-08-02 19:12:30 -0700},
	date-modified = {2022-10-06 13:34:11 -0700},
	publisher = {Oxford University Press},
	title = {Kinds of Reasons: An Essay in the Philosophy of Action},
	year = {2010}}

@incollection{Alvarez:2017vr,
	author = {Alvarez, Maria},
	booktitle = {The {Stanford} Encyclopedia of Philosophy},
	date-added = {2022-08-02 18:58:53 -0700},
	date-modified = {2022-08-02 18:58:54 -0700},
	edition = {{W}inter 2017},
	editor = {Edward N. Zalta},
	howpublished = {\url{https://plato.stanford.edu/archives/win2017/entries/reasons-just-vs-expl/}},
	publisher = {Metaphysics Research Lab, Stanford University},
	title = {{Reasons for Action: Justification, Motivation, Explanation}},
	year = {2017}}

@incollection{Lenman:2011wy,
	author = {Lenman, James},
	booktitle = {The {Stanford} Encyclopedia of Philosophy},
	date-added = {2022-08-02 18:58:01 -0700},
	date-modified = {2022-08-02 18:58:02 -0700},
	edition = {{W}inter 2011},
	editor = {Edward N. Zalta},
	howpublished = {\url{https://plato.stanford.edu/archives/win2011/entries/reasons-just-vs-expl/}},
	publisher = {Metaphysics Research Lab, Stanford University},
	title = {{Reasons for Action: Justification vs. Explanation}},
	year = {2011}}

@incollection{Alvarez:2013va,
	address = {Hampshire},
	author = {Alvarez, Maria},
	booktitle = {Reasons and Causes: Causalism and Non-Causalism in the Philosophy of Action},
	date-added = {2022-08-02 18:39:44 -0700},
	date-modified = {2022-08-02 18:40:14 -0700},
	editor = {D'Oro, Giuseppina and Sandis, Constantine},
	pages = {141--159},
	publisher = {Palgrave Macmillan},
	title = {Explaining Actions and Explaining Bodily Movements},
	year = {2013}}

@book{DOro:2013vc,
	address = {Hampshire},
	date-added = {2022-08-02 18:38:39 -0700},
	date-modified = {2022-08-02 18:39:00 -0700},
	editor = {D'Oro, Giuseppina and Sandis, Constantine},
	publisher = {Palgrave Macmillan},
	title = {Reasons and Causes: Causalism and Non-Causalism in the Philosophy of Action},
	year = {2013}}

@incollection{DOro:2013vh,
	address = {Hampshire},
	author = {D'Oro, Giuseppina and Sandis, Constantine},
	booktitle = {Reasons and Causes: Causalism and Non-Causalism in the Philosophy of Action},
	date-added = {2022-08-02 18:35:38 -0700},
	date-modified = {2022-08-02 18:39:35 -0700},
	editor = {D'Oro, Giuseppina and Sandis, Constantine},
	pages = {7--48},
	publisher = {Palgrave Macmillan},
	title = {From Anti-causalism to Causalism and Back: A History of the Reasons/Causes Debate},
	year = {2013}}

@article{Brown:2004us,
	author = {J. Brown},
	date-added = {2022-08-02 11:48:13 -0700},
	date-modified = {2022-08-02 11:48:14 -0700},
	journal = {Analysis},
	number = {1},
	pages = {57--67},
	publisher = {Oxford University Press},
	title = {Wright on Transmission Failure},
	volume = {64},
	year = {2004}}

@article{Hyman:1999tm,
	author = {John Hyman},
	date-added = {2022-08-01 12:43:28 -0700},
	date-modified = {2022-08-01 12:43:28 -0700},
	journal = {Philosophical Quarterly},
	number = {197},
	pages = {433--451},
	publisher = {Wiley-Blackwell},
	title = {How Knowledge Works},
	volume = {49},
	year = {1999}}

@article{Zollner:1860vx,
	author = {Z{\"o}llner, Johann Karl Friedrich},
	date-added = {2022-07-29 17:43:10 -0700},
	date-modified = {2022-07-29 17:44:45 -0700},
	journal = {Annalen der Physik},
	pages = {500--525},
	title = {Ueber eine neue Art von Pseudoskopie und ihre Beziehungen zu den von Plateau und Oppel beschrieben Bewegungsph\"{a}nomenen},
	volume = {186},
	year = {1860}}

@electronic{Fibonacci:2007vj,
	author = {Fibonacci},
	date-added = {2022-07-29 17:33:59 -0700},
	date-modified = {2022-07-29 17:37:54 -0700},
	title = {Z{\"o}llner illusion},
	url = {https://commons.wikimedia.org/wiki/File:Zollner_illusion.svg},
	year = {2007}}

@incollection{Woodward:2021ue,
	author = {Woodward, James and Ross, Lauren},
	booktitle = {The {Stanford} Encyclopedia of Philosophy},
	date-added = {2022-07-29 16:16:39 -0700},
	date-modified = {2022-07-29 16:16:39 -0700},
	edition = {{S}ummer 2021},
	editor = {Edward N. Zalta},
	howpublished = {\url{https://plato.stanford.edu/archives/sum2021/entries/scientific-explanation/}},
	publisher = {Metaphysics Research Lab, Stanford University},
	title = {{Scientific Explanation}},
	year = {2021}}

@book{Wachowski:2000uh,
	author = {Wachowski, Lana and Wachowski, Lilly},
	date-added = {2022-07-28 13:37:38 -0700},
	date-modified = {2022-07-28 13:40:45 -0700},
	publisher = {Newmarket Press},
	title = {The Art of the Matrix},
	year = {2000}}

@article{Hawthorne:2016wv,
	author = {John Hawthorne and Daniel Rothschild and Levi Spectre},
	date-added = {2022-07-27 18:12:08 -0700},
	date-modified = {2022-07-27 18:12:10 -0700},
	journal = {Philosophical Studies},
	number = {5},
	pages = {1393--1404},
	publisher = {Kluwer Academic Publishers},
	title = {Belief is Weak},
	volume = {173},
	year = {2016}}

@article{Donnellan:1966wt,
	author = {Keith S. Donnellan},
	date-added = {2022-07-27 15:57:45 -0700},
	date-modified = {2022-07-27 15:57:45 -0700},
	journal = {Philosophical Review},
	number = {3},
	pages = {281--304},
	publisher = {Duke University Press},
	title = {Reference and Definite Descriptions},
	volume = {75},
	year = {1966}}

@incollection{Scriven:1962vq,
	address = {Minneapolis},
	author = {Michael Scriven},
	booktitle = {Minnesota Studies in the Philosophy of Science vol. III (Scientific Explanation, Space, Time)},
	date-added = {2022-07-26 18:59:14 -0700},
	date-modified = {2022-07-26 19:00:10 -0700},
	editor = {Herbert Feigl and Grover Maxwell},
	pages = {170--230},
	publisher = {University of Minnesota Press},
	title = {Explanation, Prediction, and Laws},
	year = {1962}}

@book{Descartes:1996vp,
	author = {Ren{\'e} Descartes},
	date-added = {2022-07-26 15:44:58 -0700},
	date-modified = {2022-07-26 15:47:52 -0700},
	edition = {Revised Edition},
	editor = {John Cottingham},
	publisher = {Cambridge University Press},
	series = {Cambridge Texts in the History of Philosophy},
	title = {Descartes: Meditations on First Philosophy: With Selections from the Objections and Replies},
	year = {1996}}

@article{Zoller:1992ud,
	author = {Z{\"o}ller, G{\"u}nter},
	date-added = {2022-07-26 15:36:29 -0700},
	date-modified = {2022-07-26 15:37:26 -0700},
	journal = {Journal of the History of Philosophy},
	number = {3},
	pages = {417--441},
	title = {Lichtenberg and Kant on the Subject of Thinking},
	volume = {30},
	year = {1992}}

@book{Lichtenberg:1991tf,
	address = {Munich},
	author = {Lichtenberg, Georg Christoph},
	date-added = {2022-07-26 15:23:36 -0700},
	date-modified = {2022-07-26 15:41:45 -0700},
	editor = {Wolfgang Promies},
	publisher = {Carl Hanser Verlag},
	title = {Schriften und Briefe},
	volume = {2 Sudelb{\"u}cher II, Materialhefte, Tageb{\"u}cher},
	year = {1991}}

@article{Perry:1979vc,
	author = {Perry, John},
	date-added = {2022-07-26 13:47:45 -0700},
	date-modified = {2022-10-06 13:40:25 -0700},
	journal = {No\^{u}s},
	number = {1},
	pages = {3--21},
	publisher = {Wiley-Blackwell},
	title = {The Problem of the Essential Indexical},
	volume = {13},
	year = {1979}}

@incollection{Moore:1993wk,
	address = {London},
	author = {Moore, George Edward},
	booktitle = {G.\ E.\ Moore: Selected Writings},
	date-added = {2022-07-25 16:22:12 -0700},
	date-modified = {2022-07-25 16:23:11 -0700},
	editor = {Baldwin, Thomas},
	pages = {207--212},
	publisher = {Routledge},
	title = {Moore's Paradox},
	year = {1993}}

@article{Collins:1997wn,
	author = {Arthur W. Collins},
	date-added = {2022-07-25 15:25:56 -0700},
	date-modified = {2022-07-25 15:25:56 -0700},
	journal = {Ratio},
	number = {2},
	pages = {108--123},
	title = {The Psychological Reality of Reasons},
	volume = {10},
	year = {1997}}

@article{Stanley:2012wg,
	author = {Jason Stanley},
	date-added = {2022-07-22 16:22:28 -0700},
	date-modified = {2022-07-22 16:22:29 -0700},
	journal = {Philosophy and Phenomenological Research},
	number = {3},
	pages = {762--778},
	publisher = {Wiley-Blackwell},
	title = {Replies to Dickie, Schroeder and Stalnaker},
	volume = {85},
	year = {2012}}

@book{Stanley:2011ut,
	author = {Jason Stanley},
	date-added = {2022-07-22 16:12:53 -0700},
	date-modified = {2022-07-22 16:12:53 -0700},
	publisher = {Oxford University Press},
	title = {Know How},
	year = {2011}}

@article{Stalnaker:2012tp,
	author = {Robert Stalnaker},
	date-added = {2022-07-22 16:11:05 -0700},
	date-modified = {2022-07-22 16:11:06 -0700},
	journal = {Philosophy and Phenomenological Research},
	number = {3},
	pages = {754--761},
	publisher = {Wiley-Blackwell},
	title = {Intellectualism and the Objects of Knowledge},
	volume = {85},
	year = {2012}}

@article{Weatherson:2017tb,
	author = {Brian Weatherson},
	date-added = {2022-07-22 16:09:36 -0700},
	date-modified = {2022-07-22 16:09:36 -0700},
	journal = {Philosophical Quarterly},
	number = {267},
	pages = {370--386},
	publisher = {Oxford University Press},
	title = {Intellectual Skill and the Rylean Regress},
	volume = {67},
	year = {2017}}

@article{Smith:1987tz,
	author = {Smith, Brian Cantwell},
	date-added = {2022-07-22 15:24:21 -0700},
	date-modified = {2022-07-22 15:24:21 -0700},
	journal = {Computational intelligence},
	number = {1},
	pages = {214--218},
	publisher = {Blackwell Publishing Ltd Oxford, UK},
	title = {Two lessons of logic},
	volume = {3},
	year = {1987}}

@article{Glick:2011vd,
	author = {Ephraim Glick},
	date-added = {2022-07-21 19:00:16 -0700},
	date-modified = {2022-07-21 19:00:16 -0700},
	journal = {Philosophy and Phenomenological Research},
	number = {2},
	pages = {398--434},
	publisher = {Wiley-Blackwell},
	title = {Two Methodologies for Evaluating Intellectualism},
	volume = {83},
	year = {2011}}

@incollection{Bengson:2011th,
	author = {John Bengson and Marc A. Moffett},
	booktitle = {Knowing How},
	date-added = {2022-07-21 18:50:15 -0700},
	date-modified = {2022-07-21 18:50:15 -0700},
	editor = {John Bengson and Marc A. Moffett},
	pages = {161--195},
	publisher = {Oxford University Press},
	title = {Nonpropositional Intellectualism},
	year = {2011}}

@article{Cath:2019wr,
	author = {Yuri Cath},
	date-added = {2022-07-21 18:46:19 -0700},
	date-modified = {2022-07-21 18:46:19 -0700},
	journal = {Analysis},
	number = {3},
	pages = {487--503},
	title = {Knowing How},
	volume = {79},
	year = {2019}}

@article{Habgood-Coote:2019we,
	author = {Joshua Habgood-Coote},
	date-added = {2022-07-21 18:31:01 -0700},
	date-modified = {2022-07-29 17:39:31 -0700},
	journal = {Australasian Journal of Philosophy},
	number = {1},
	pages = {86-104},
	publisher = {Routledge},
	title = {Knowledge-How, Abilities, and Questions},
	volume = {97},
	year = {2019}}

@article{Barker:1975un,
	author = {Barker, John A.},
	date-added = {2022-07-21 17:42:48 -0700},
	date-modified = {2022-10-14 16:25:46 -0700},
	issn = {0026-4423},
	journal = {Mind},
	number = {1},
	pages = {281-283},
	title = {{A Paradox of Knowing Whether}},
	volume = {LXXXIV},
	year = {1975}}

@article{Prior:1960wh,
	author = {A. N. Prior},
	date-added = {2022-07-18 12:55:06 -0700},
	date-modified = {2022-07-18 12:55:06 -0700},
	journal = {Analysis},
	number = {2},
	pages = {38},
	publisher = {Oxford University Press},
	title = {The Runabout Inference-Ticket},
	volume = {21},
	year = {1960}}

@incollection{Pavese:2022up,
	author = {Pavese, Carlotta},
	booktitle = {The {Stanford} Encyclopedia of Philosophy},
	date-added = {2022-07-17 18:52:36 -0700},
	date-modified = {2022-07-17 18:52:38 -0700},
	edition = {{F}all 2022},
	editor = {Edward N. Zalta},
	howpublished = {\url{https://plato.stanford.edu/archives/fall2022/entries/knowledge-how/}},
	publisher = {Metaphysics Research Lab, Stanford University},
	title = {{Knowledge How}},
	year = {2022}}

@article{Ryle:1946tu,
	author = {Gilbert Ryle},
	date-added = {2022-07-17 18:40:34 -0700},
	date-modified = {2022-07-17 18:40:35 -0700},
	journal = {Proceedings of the Aristotelian Society},
	pages = {1--16},
	publisher = {Wiley-Blackwell},
	title = {Knowing How and Knowing That: The Presidential Address},
	volume = {46},
	year = {1946}}

@incollection{Ryle:2009us,
	address = {Oxon},
	author = {Ryle, Gilbert},
	booktitle = {Collected Essays 1929 - 1968},
	date-added = {2022-07-17 18:34:33 -0700},
	date-modified = {2022-07-17 18:37:15 -0700},
	pages = {244--260},
	publisher = {Routledge},
	title = {`If', `so', and `because'},
	year = {2009}}

@incollection{Besson:2018wz,
	author = {Corine Besson},
	booktitle = {The Oxford Handbook of Reasons and Normativity},
	date-added = {2022-07-17 17:43:26 -0700},
	date-modified = {2022-07-17 17:43:26 -0700},
	editor = {Daniel Star},
	title = {Norms, Reasons and Reasoning: A Guide Through Lewis Carroll?s Regress Argument},
	year = {2018}}

@article{Wieland:2013vf,
	author = {Wieland, Jan Willem},
	date-added = {2022-07-17 16:19:13 -0700},
	date-modified = {2022-08-26 17:51:35 -0700},
	journal = {Ethical Theory and Moral Practice},
	number = {5},
	pages = {983--997},
	title = {What Carroll's Tortoise Actually Proves},
	volume = {16},
	year = {2013}}

@article{Brunero:2005vx,
	author = {Brunero, John},
	date-added = {2022-07-17 16:18:33 -0700},
	date-modified = {2022-09-28 12:23:49 -0700},
	journal = {Ethical Theory and Moral Practice},
	number = {5},
	pages = {557--569},
	title = {Instrumental Rationality and Carroll's Tortoise},
	volume = {8},
	year = {2005}}

@book{Freud:1960wx,
	address = {London},
	author = {Freud, Sigmund},
	date-added = {2022-07-12 12:52:33 -0700},
	date-modified = {2022-07-12 12:55:29 -0700},
	editor = {Strachey, James},
	publisher = {The Hogarth Press},
	title = {The standard edition of the complete psychological works of Sigmund Freud},
	volume = {VIII (1905) Jokes and their Relation to the Unconscious},
	year = {1960}}

@incollection{Boghossian:2012vb,
	author = {Boghossian, Paul Artin},
	booktitle = {Mind, Meaning, and Knowledge: Themes From the Philosophy of Crispin Wright},
	date-added = {2022-07-05 16:09:22 -0700},
	date-modified = {2022-10-06 13:37:05 -0700},
	editor = {Crispin Wright and Annalisa Coliva},
	pages = {27--48},
	publisher = {Oxford University Press},
	title = {Blind Rule-Following},
	year = {2012}}

@article{Boghossian:2008vf,
	author = {Boghossian, Paul Artin},
	date-added = {2022-07-05 14:05:06 -0700},
	date-modified = {2022-10-06 13:37:08 -0700},
	journal = {Journal of Philosophy},
	number = {9},
	pages = {472--500},
	publisher = {Journal of Philosophy Inc},
	title = {Epistemic Rules},
	volume = {105},
	year = {2008}}

@article{Wisdom:1974uc,
	author = {William A. Wisdom},
	date-added = {2022-07-05 13:41:34 -0700},
	date-modified = {2022-09-28 12:24:35 -0700},
	journal = {Mind},
	number = {332},
	pages = {571--573},
	title = {Lewis Carroll's Infinite Regress},
	volume = {83},
	year = {1974}}

@incollection{Thomson:2010tt,
	author = {J. F. Thomson},
	booktitle = {Thinking about Logic: Classic Essays},
	date-added = {2022-07-05 13:16:06 -0700},
	date-modified = {2022-07-05 13:17:45 -0700},
	editor = {Cahn, Steven and Talisse, Robert B. and Aikin, Scott F.},
	pages = {19--33},
	publisher = {Westview Press},
	title = {What Achilles Should Have Said to the Tortoise},
	year = {2010}}

@article{Smiley:1995wk,
	author = {Timothy Smiley},
	date-added = {2022-07-05 12:23:29 -0700},
	date-modified = {2022-07-05 12:23:29 -0700},
	journal = {Mind},
	number = {416},
	pages = {725--736},
	publisher = {Oxford University Press},
	title = {A Tale of Two Tortoises},
	volume = {104},
	year = {1995}}

@article{Gerbrandy:2007vm,
	author = {Gerbrandy, J.},
	date-added = {2022-07-04 18:04:17 -0700},
	date-modified = {2022-08-26 17:51:18 -0700},
	journal = {Synthese},
	number = {1},
	pages = {21--33},
	title = {The Surprise Examination in Dynamic Epistemic Logic},
	volume = {155},
	year = {2007}}

@article{Chow:1998vw,
	author = {Timothy Y. Chow},
	date-added = {2022-07-04 18:03:40 -0700},
	date-modified = {2022-07-04 18:03:52 -0700},
	journal = {The American Mathematical Monthly},
	number = {1},
	pages = {41-51},
	publisher = {Taylor & Francis},
	title = {The Surprise Examination or Unexpected Hanging Paradox},
	volume = {105},
	year = {1998}}

@book{Carroll:1977wl,
	author = {Carroll, Lewis},
	date-added = {2022-07-04 16:28:27 -0700},
	date-modified = {2022-09-28 12:24:10 -0700},
	editor = {Bartley, III, William Warren},
	publisher = {Clarkson N. Potter, Inc.},
	title = {Lewis Carroll's Symbolic Logic},
	year = {1977}}

@article{Read:1995wf,
	author = {Stephen Read and Dorothy Edgington},
	date-added = {2022-06-28 17:43:21 -0700},
	date-modified = {2022-06-28 17:43:22 -0700},
	journal = {Aristotelian Society Supplementary Volume},
	number = {1},
	pages = {47--86},
	publisher = {Wiley-Blackwell},
	title = {Conditionals and the Ramsey Test},
	volume = {69},
	year = {1995}}

@incollection{Ramsey:1929tf,
	author = {Frank Plumpton Ramsey},
	booktitle = {The Foundations of Mathematics and other Logical Essays},
	date-added = {2022-06-28 17:41:32 -0700},
	date-modified = {2022-06-28 17:41:33 -0700},
	editor = {Frank Plumpton Ramsey},
	pages = {237--255},
	publisher = {Kegan Paul, Trench, Tr\"{u}bner},
	title = {General Propositions and Causality},
	year = {1929}}

@book{Shakespeare:2003vc,
	address = {Cambridge},
	author = {Shakespeare, William},
	date-added = {2022-06-25 15:56:16 -0700},
	date-modified = {2022-06-25 15:57:37 -0700},
	edition = {Updated edition},
	editor = {Sanders, Norman},
	publisher = {Cambridge University Press},
	title = {Othello},
	year = {2003}}

@book{Armstrong:1973vr,
	author = {Armstrong, David Malet},
	date-added = {2022-06-24 18:15:15 -0700},
	date-modified = {2022-10-06 13:34:47 -0700},
	publisher = {Cambridge University Press},
	title = {Belief, Truth and Knowledge},
	year = {1973}}

@book{Smith:1994wo,
	author = {Michael Smith},
	date-added = {2022-06-19 18:10:38 -0700},
	date-modified = {2022-06-19 18:10:39 -0700},
	publisher = {Blackwell},
	title = {The Moral Problem},
	year = {1994}}

@article{Wagon:1987vm,
	address = {USA},
	author = {Wagon, Stan},
	date-added = {2022-06-17 17:19:50 -0700},
	date-modified = {2022-06-17 17:19:51 -0700},
	issn = {0002-9890},
	issue_date = {Aug-Sept., 1987},
	journal = {Am. Math. Monthly},
	month = {aug},
	number = {7},
	numpages = {17},
	pages = {601--617},
	publisher = {Mathematical Association of America},
	title = {Fourteen Proofs of a Result about Tiling a Rectangle},
	url = {https://doi.org/10.2307/2322213},
	volume = {94},
	year = {1987}}

@book{Ribenboim:2012ts,
	author = {Ribenboim, Paulo},
	date-added = {2022-06-17 17:17:44 -0700},
	date-modified = {2022-06-17 17:18:15 -0700},
	edition = {Second edition},
	publisher = {Springer Science \& Business Media},
	title = {The book of prime number records},
	year = {1989}}

@book{Fine:1997vc,
	author = {Fine, Benjamin and Rosenberger, Gerhard},
	date-added = {2022-06-17 17:16:01 -0700},
	date-modified = {2022-06-17 17:16:01 -0700},
	publisher = {Springer Science \& Business Media},
	title = {The fundamental theorem of algebra},
	year = {1997}}

@article{Sylvan:2016wq,
	author = {Kurt Sylvan},
	date-added = {2022-06-16 15:41:22 -0700},
	date-modified = {2022-06-16 15:41:23 -0700},
	journal = {Philosophy Compass},
	number = {7},
	pages = {377--389},
	title = {Epistemic Reasons II: Basing},
	volume = {11},
	year = {2016}}

@article{Schaffer:2010vq,
	author = {J. Schaffer},
	date-added = {2022-06-16 15:16:33 -0700},
	date-modified = {2022-06-16 15:16:33 -0700},
	journal = {Analysis},
	number = {2},
	pages = {228--237},
	title = {The Debasing Demon},
	volume = {70},
	year = {2010}}

@article{Bondy:2018tk,
	author = {Patrick Bondy and J. Adam Carter},
	date-added = {2022-06-16 15:15:27 -0700},
	date-modified = {2022-06-16 15:15:29 -0700},
	journal = {American Philosophical Quarterly},
	number = {3},
	pages = {203},
	publisher = {University of Illinois Press},
	title = {The Basing Relation and the Impossibility of the Debasing Demon},
	volume = {55},
	year = {2018}}

@article{Evans:2013tw,
	author = {Ian Evans},
	date-added = {2022-06-16 12:56:58 -0700},
	date-modified = {2022-06-16 12:57:05 -0700},
	journal = {Synthese},
	number = {14},
	pages = {2943--2957},
	publisher = {Springer Verlag},
	title = {The Problem of the Basing Relation},
	volume = {190},
	year = {2013}}

@article{Audi:1986to,
	author = {Audi, Robert},
	date-added = {2022-06-10 15:51:04 -0700},
	date-modified = {2022-10-06 13:35:44 -0700},
	journal = {Philosophical Topics},
	number = {1},
	pages = {27--65},
	title = {Belief, Reason, and Inference},
	volume = {14},
	year = {1986}}

@article{Longino:1978wv,
	author = {Helen E. Longino},
	date-added = {2022-06-10 14:08:09 -0700},
	date-modified = {2022-06-10 14:09:05 -0700},
	journal = {Philosophy Research Archives},
	pages = {17--26},
	title = {Inferring},
	volume = {4},
	year = {1978}}

@article{Quine:1943vf,
	author = {Willard V. Quine},
	date-added = {2022-05-09 18:04:03 -0700},
	date-modified = {2022-05-09 18:04:04 -0700},
	journal = {Journal of Philosophy},
	number = {5},
	pages = {113--127},
	publisher = {Journal of Philosophy Inc},
	title = {Notes on Existence and Necessity},
	volume = {40},
	year = {1943}}

@article{Mandelkern:2020tc,
	author = {Matthew Mandelkern},
	date-added = {2022-04-04 11:42:00 -0700},
	date-modified = {2022-04-04 11:42:01 -0700},
	journal = {Philosophy and Phenomenological Research},
	number = {1},
	pages = {118--135},
	title = {Import-Export and ?And?},
	volume = {100},
	year = {2020}}

@article{McGee:1985tz,
	author = {Vann McGee},
	date-added = {2022-04-03 18:57:45 -0700},
	date-modified = {2022-04-03 18:57:45 -0700},
	journal = {Journal of Philosophy},
	number = {9},
	pages = {462--471},
	publisher = {Journal of Philosophy Inc},
	title = {A Counterexample to Modus Ponens},
	volume = {82},
	year = {1985}}

@article{Jackson:1984vk,
	author = {Frank Jackson},
	date-added = {2022-03-24 18:49:19 -0700},
	date-modified = {2022-03-24 18:49:19 -0700},
	journal = {Pacific Philosophical Quarterly},
	number = {1},
	pages = {26},
	publisher = {Wiley-Blackwell},
	title = {Petitio and the Purpose of Arguing},
	volume = {65},
	year = {1984}}

@article{Zalabardo:2017td,
	author = {Jos\'e L. Zalabardo},
	date-added = {2022-03-16 15:43:08 -0700},
	date-modified = {2022-03-16 15:43:09 -0700},
	journal = {Synthese},
	number = {12},
	pages = {5379--5388},
	publisher = {Springer Verlag},
	title = {Safety, Sensitivity and Differential Support},
	volume = {197},
	year = {2017}}

@article{Weisberg:2012vs,
	author = {Jonathan Weisberg},
	date-added = {2022-02-17 18:30:42 -0800},
	date-modified = {2022-02-17 18:30:43 -0800},
	journal = {Philosophy Compass},
	number = {9},
	pages = {597--610},
	publisher = {Wiley-Blackwell},
	title = {The Bootstrapping Problem},
	volume = {7},
	year = {2012}}

@article{Wright:2014tt,
	author = {Wright, Crispin},
	date-added = {2022-02-15 18:56:49 -0800},
	date-modified = {2022-09-29 12:23:26 -0700},
	journal = {Philosophical Studies},
	number = {1},
	pages = {27--37},
	publisher = {Springer},
	title = {Comment on Paul Boghossian, ``What is Inference''},
	volume = {169},
	year = {2014}}

@article{Hlobil:2014tq,
	author = {Ulf Hlobil},
	date-added = {2022-02-15 18:55:17 -0800},
	date-modified = {2022-02-15 18:55:17 -0800},
	journal = {Philosophical Studies},
	number = {2},
	pages = {419--429},
	publisher = {Springer Verlag},
	title = {Against Boghossian, Wright and Broome on Inference},
	volume = {167},
	year = {2014}}

@article{McHugh:2016vp,
	author = {Conor McHugh and Jonathan Way},
	date-added = {2022-02-15 18:54:00 -0800},
	date-modified = {2022-02-15 18:54:00 -0800},
	journal = {Philosophical Issues},
	number = {1},
	pages = {314--331},
	title = {Against the Taking Condition},
	volume = {26},
	year = {2016}}

@article{Valaris:2014un,
	author = {Markos Valaris},
	date-added = {2022-02-15 12:41:58 -0800},
	date-modified = {2022-02-15 12:42:00 -0800},
	journal = {Mind},
	number = {489},
	pages = {101--127},
	title = {Reasoning and Regress},
	volume = {123},
	year = {2014}}

@incollection{Thomson:1965vv,
	author = {Judith Jarvis Thomson},
	booktitle = {Philosophy in America},
	date-added = {2022-02-15 12:18:26 -0800},
	date-modified = {2022-02-15 12:18:26 -0800},
	editor = {Max Black},
	publisher = {Ithaca: Cornell University Press},
	title = {Reasons and Reasoning},
	year = {1965}}

@book{Armstrong:1968vh,
	author = {Armstrong, David Malet},
	date-added = {2022-02-14 16:30:59 -0800},
	date-modified = {2022-10-06 13:34:49 -0700},
	publisher = {Routledge},
	title = {A Materialist Theory of the Mind},
	year = {1968}}

@article{Wedgwood:2006ui,
	author = {Ralph Wedgwood},
	date-added = {2022-02-14 16:09:35 -0800},
	date-modified = {2022-02-14 16:09:38 -0800},
	journal = {No\^{u}s},
	number = {4},
	pages = {660--686},
	title = {The Normative Force of Reasoning},
	volume = {40},
	year = {2006}}

@article{Moretti:2018va,
	author = {Luca Moretti and Tommaso Piazza},
	date-added = {2022-02-12 17:24:43 -0800},
	date-modified = {2022-02-12 17:24:45 -0800},
	journal = {Synthese},
	number = {7},
	pages = {2845--2854},
	publisher = {Springer Nature},
	title = {Defeaters in Current Epistemology: Introduction to the Special Issue},
	volume = {195},
	year = {2018}}

@incollection{Pappas:2017vi,
	author = {Pappas, George},
	booktitle = {The {Stanford} Encyclopedia of Philosophy},
	date-added = {2022-02-09 18:57:18 -0800},
	date-modified = {2022-02-09 18:57:19 -0800},
	edition = {{F}all 2017},
	editor = {Edward N. Zalta},
	howpublished = {\url{https://plato.stanford.edu/archives/fall2017/entries/justep-intext/}},
	publisher = {Metaphysics Research Lab, Stanford University},
	title = {{Internalist vs. Externalist Conceptions of Epistemic Justification}},
	year = {2017}}

@article{Feldman:2001uy,
	author = {Richard Feldman and Earl Conee},
	date-added = {2022-02-09 18:55:49 -0800},
	date-modified = {2022-02-09 18:55:50 -0800},
	journal = {American Philosophical Quarterly},
	number = {1},
	pages = {1--18},
	publisher = {University of Illinois Press},
	title = {Internalism Defended},
	volume = {38},
	year = {2001}}

@article{Pryor:2004ws,
	author = {James Pryor},
	date-added = {2022-02-02 16:26:09 -0800},
	date-modified = {2022-02-02 16:26:10 -0800},
	journal = {Philosophical Issues},
	number = {1},
	pages = {349--378},
	title = {What's Wrong with Moore's Argument?},
	volume = {14},
	year = {2004}}

@article{Sorensen:1991wh,
	author = {Roy A. Sorensen},
	date-added = {2022-02-02 13:35:27 -0800},
	date-modified = {2022-02-02 13:35:28 -0800},
	journal = {Journal of Philosophy},
	number = {5},
	pages = {245--266},
	publisher = {Journal of Philosophy},
	title = {'P, Therefore, P' Without Circularity},
	volume = {88},
	year = {1991}}

@article{Dretske:1970to,
	author = {Dretske, Fred},
	date-added = {2022-01-17 13:54:18 -0800},
	date-modified = {2022-01-17 18:16:49 -0800},
	journal = {Journal of Philosophy},
	number = {24},
	pages = {1007--1023},
	title = {Epistemic Operators},
	volume = {67},
	year = {1970}}

@book{Barwise:1999tu,
	author = {Jon Barwise and John Etchemendy},
	date-added = {2022-01-07 17:19:43 -0800},
	date-modified = {2022-01-07 17:19:44 -0800},
	publisher = {New York and London: Seven Bridges Press},
	title = {Language, Proof, and Logic},
	year = {1999}}

@incollection{Groarke:2021tk,
	author = {Groarke, Leo},
	booktitle = {The {Stanford} Encyclopedia of Philosophy},
	date-added = {2022-01-02 14:02:29 -0800},
	date-modified = {2022-01-02 14:02:29 -0800},
	edition = {{F}all 2021},
	editor = {Edward N. Zalta},
	howpublished = {\url{https://plato.stanford.edu/archives/fall2021/entries/logic-informal/}},
	publisher = {Metaphysics Research Lab, Stanford University},
	title = {{Informal Logic}},
	year = {2021}}

@incollection{Etchemendy:2008wz,
	author = {John Etchemendy},
	booktitle = {New Essays on Tarski and Philosophy},
	date-added = {2021-12-31 12:58:30 -0800},
	date-modified = {2021-12-31 12:58:31 -0800},
	editor = {Douglas Patterson},
	pages = {263--299},
	publisher = {Oxford University Press},
	title = {Reflections on Consequence},
	year = {2008}}

@book{Etchemendy:1990wo,
	author = {John Etchemendy},
	date-added = {2021-12-31 12:58:00 -0800},
	date-modified = {2021-12-31 12:58:00 -0800},
	publisher = {Harvard University Press},
	title = {The Concept of Logical Consequence},
	year = {1990}}

@article{Briggs:2009up,
	author = {Ray Briggs},
	date-added = {2021-12-26 14:07:52 -0800},
	date-modified = {2022-08-23 17:57:49 -0700},
	journal = {Philosophical Review},
	number = {1},
	pages = {59--85},
	publisher = {Duke University Press},
	title = {Distorted Reflection},
	volume = {118},
	year = {2009}}

@incollection{Wright:1986ug,
	author = {Wright, Crispin},
	booktitle = {Proceedings of the British Academy, Volume 71: 1985},
	date-added = {2021-12-20 18:10:00 -0800},
	date-modified = {2022-09-29 12:22:30 -0700},
	pages = {429--472},
	publisher = {Published for the British Academy by Oxford University Press},
	title = {Facts and Certainty},
	year = {1986}}

@article{Wright:2002uk,
	author = {Wright, Crispin},
	date-added = {2021-12-20 17:01:45 -0800},
	date-modified = {2022-09-29 12:22:45 -0700},
	journal = {Philosophy and Phenomenological Research},
	number = {2},
	pages = {330--348},
	publisher = {Wiley-Blackwell},
	title = {(Anti-)Sceptics Simple and Subtle: G. E. Moore and John McDowell},
	volume = {65},
	year = {2002}}

@article{Wright:2004uo,
	author = {Wright, Crispin and Davies, Martin},
	date-added = {2021-12-20 16:59:49 -0800},
	date-modified = {2022-09-29 12:23:04 -0700},
	journal = {Aristotelian Society Supplementary Volume},
	pages = {167--245},
	title = {On Epistemic Entitlement},
	volume = {78},
	year = {2004}}

@article{Wright:2000tq,
	author = {Wright, Crispin},
	date-added = {2021-12-20 16:56:44 -0800},
	date-modified = {2022-09-29 12:22:40 -0700},
	journal = {Philosophical Issues},
	number = {1},
	pages = {140--63},
	title = {Cogency and Question-Begging: Some Reflections on McKinsey's Paradox and Putnam's Proof},
	volume = {10},
	year = {2000}}

@article{Wright:1991vn,
	author = {Wright, Crispin},
	date-added = {2021-12-19 18:56:54 -0800},
	date-modified = {2022-09-29 12:22:37 -0700},
	journal = {Mind},
	number = {1},
	pages = {87--116},
	publisher = {Oxford University Press},
	title = {Scepticism and Dreaming: Imploding the Demon},
	volume = {100},
	year = {1991}}

@incollection{Wright:2007uz,
	author = {Wright, Crispin},
	booktitle = {Themes from G. E. Moore: New Essays in Epistemology},
	date-added = {2021-12-19 18:46:53 -0800},
	date-modified = {2022-09-29 12:23:12 -0700},
	editor = {Nuccetelli and Seay},
	publisher = {Oxford University Press},
	title = {The Perils of Dogmatism},
	year = {2007}}

@article{Bonevac:2011tz,
	author = {D. Bonevac and J. Dever and D. Sosa},
	date-added = {2021-12-16 18:25:15 -0800},
	date-modified = {2021-12-16 18:25:16 -0800},
	journal = {Mind},
	number = {480},
	pages = {1143--1158},
	title = {The Counterexample Fallacy},
	volume = {120},
	year = {2011}}

@article{Pollock:1970un,
	author = {John L. Pollock},
	date-added = {2021-12-16 18:11:19 -0800},
	date-modified = {2021-12-16 18:12:06 -0800},
	journal = {American Philosophical Quarterly},
	number = {4},
	pages = {62--78},
	title = {The structure of epistemic justification},
	year = {1970}}

@article{Bergmann:2005ws,
	author = {Michael Bergmann},
	date-added = {2021-12-16 17:47:36 -0800},
	date-modified = {2021-12-16 17:47:37 -0800},
	journal = {Philosophical Quarterly},
	number = {220},
	pages = {419--436},
	publisher = {Wiley-Blackwell},
	title = {Defeaters and Higher-Level Requirements},
	volume = {55},
	year = {2005}}

@book{Pollock:1974uk,
	author = {John L. Pollock},
	date-added = {2021-12-16 17:27:26 -0800},
	date-modified = {2021-12-16 18:11:16 -0800},
	publisher = {Princeton University Press},
	title = {Knowledge and Justification},
	year = {1974}}

@book{Harman:1986ux,
	author = {Gilbert H. Harman},
	date-added = {2021-12-13 18:43:48 -0800},
	date-modified = {2022-03-29 18:43:41 -0700},
	publisher = {Cambridge, MA, USA: MIT Press},
	title = {Change in View: Principles of Reasoning},
	year = {1986}}

@article{Sgaravatti:2013wu,
	author = {Daniele Sgaravatti},
	date-added = {2021-12-13 15:47:02 -0800},
	date-modified = {2021-12-13 15:47:04 -0800},
	journal = {Mind},
	number = {487},
	pages = {fzt086},
	title = {Petitio Principii: A Bad Form of Reasoning},
	volume = {122},
	year = {2013}}

@incollection{Kelly:2016wk,
	author = {Kelly, Thomas},
	booktitle = {The {Stanford} Encyclopedia of Philosophy},
	date-added = {2021-12-05 16:38:22 -0800},
	date-modified = {2021-12-05 16:38:22 -0800},
	edition = {{W}inter 2016},
	editor = {Edward N. Zalta},
	howpublished = {\url{https://plato.stanford.edu/archives/win2016/entries/evidence/}},
	publisher = {Metaphysics Research Lab, Stanford University},
	title = {{Evidence}},
	year = {2016}}

@article{Zhaoqing:2015vj,
	author = {Zhaoqing, XU},
	date-added = {2021-12-05 16:26:37 -0800},
	date-modified = {2022-10-17 17:55:02 -0700},
	journal = {Frontiers of Philosophy in China},
	number = {2},
	pages = {298--310},
	title = {On Kripke's Dogmatism Paradox: A Logical Dynamical Analysis},
	volume = {10},
	year = {2015}}

@incollection{Kripke:2011wv,
	author = {Kripke, Saul},
	booktitle = {Philosophical Troubles. Collected Papers Vol I},
	date-added = {2021-12-01 17:48:42 -0800},
	date-modified = {2022-10-17 17:54:55 -0700},
	publisher = {Oxford University Press},
	title = {On Two Paradoxes of Knowledge},
	year = {2011}}

@article{Pryor:2000tl,
	author = {James Pryor},
	date-added = {2021-11-30 14:25:50 -0800},
	date-modified = {2021-11-30 14:25:51 -0800},
	journal = {No\^us},
	number = {4},
	pages = {517--549},
	publisher = {Wiley-Blackwell},
	title = {The Skeptic and the Dogmatist},
	volume = {34},
	year = {2000}}

@incollection{Pryor:2012tq,
	author = {James Pryor},
	booktitle = {Mind, Meaning, and Knowledge: Themes From the Philosophy of Crispin Wright},
	date-added = {2021-11-30 14:21:53 -0800},
	date-modified = {2021-11-30 14:21:54 -0800},
	editor = {Crispin Wright and Annalisa Coliva},
	publisher = {Oxford University Press},
	title = {When Warrant Transmits},
	year = {2012}}

@incollection{Beall:2019ty,
	author = {Beall, Jc and Restall, Greg and Sagi, Gil},
	booktitle = {The {Stanford} Encyclopedia of Philosophy},
	date-added = {2021-11-26 16:39:59 -0800},
	date-modified = {2021-11-26 16:40:01 -0800},
	edition = {{S}pring 2019},
	editor = {Edward N. Zalta},
	howpublished = {\url{https://plato.stanford.edu/archives/spr2019/entries/logical-consequence/}},
	publisher = {Metaphysics Research Lab, Stanford University},
	title = {{Logical Consequence}},
	year = {2019}}

@article{Fitch:1981vg,
	author = {G. W. Fitch},
	date-added = {2021-11-24 14:41:54 -0800},
	date-modified = {2021-11-24 14:41:55 -0800},
	journal = {Philosophical Studies},
	number = {1},
	pages = {25--34},
	publisher = {Springer},
	title = {Names and the 'de Re --- de Dicto' Distinction},
	volume = {39},
	year = {1981}}

@article{Rebuschi:2011ub,
	author = {Manuel Rebuschi and Tero Tulenheimo},
	date-added = {2021-11-10 13:20:50 -0800},
	date-modified = {2021-11-10 13:20:53 -0800},
	journal = {Philosophical Quarterly},
	number = {245},
	pages = {828--838},
	title = {Between de Dicto and de Re: De Objecto Attitudes},
	volume = {61},
	year = {2011}}

@incollection{Steele:2020tr,
	author = {Steele, Katie and Stef{\'a}nsson, H. Orri},
	booktitle = {The {Stanford} Encyclopedia of Philosophy},
	date-added = {2021-10-31 13:06:58 -0700},
	date-modified = {2021-10-31 13:07:00 -0700},
	edition = {{W}inter 2020},
	editor = {Edward N. Zalta},
	howpublished = {\url{https://plato.stanford.edu/archives/win2020/entries/decision-theory/}},
	publisher = {Metaphysics Research Lab, Stanford University},
	title = {{Decision Theory}},
	year = {2020}}

@article{Bradley:2016wo,
	author = {Seamus Bradley and Katie Steele},
	date-added = {2021-10-27 15:52:09 -0700},
	date-modified = {2021-10-27 15:52:10 -0700},
	journal = {Philosophy of Science},
	number = {1},
	pages = {1--28},
	publisher = {Philosophy of Science Association},
	title = {Can Free Evidence Be Bad? Value of Informationfor the Imprecise Probabilist},
	volume = {83},
	year = {2016}}

@article{Good:1966wx,
	author = {I. J. Good},
	date-added = {2021-10-27 14:07:56 -0700},
	date-modified = {2021-10-27 14:08:02 -0700},
	journal = {British Journal for the Philosophy of Science},
	number = {4},
	pages = {319--321},
	publisher = {Taylor \& Francis},
	title = {On the Principle of Total Evidence},
	volume = {17},
	year = {1966}}

@article{Davidson:1955wo,
	author = {Davidson, Donald and J. C. C. McKinsey and Patrick Suppes},
	date-added = {2021-10-27 13:14:30 -0700},
	date-modified = {2022-10-06 13:38:16 -0700},
	journal = {Philosophy of Science},
	number = {2},
	pages = {140--160},
	publisher = {University of Chicago Press},
	title = {Outlines of a Formal Theory of Value, I},
	volume = {22},
	year = {1955}}

@article{Sobel:1997wt,
	author = {Jordan Howard Sobel},
	date-added = {2021-10-27 13:11:33 -0700},
	date-modified = {2021-10-27 13:11:33 -0700},
	journal = {Philosophy of Science},
	number = {1},
	pages = {42--73},
	publisher = {University of Chicago Press},
	title = {Cyclical Preferences and World Bayesianism},
	volume = {64},
	year = {1997}}

@article{Schumm:1987wx,
	author = {George F. Schumm},
	date-added = {2021-10-27 13:11:04 -0700},
	date-modified = {2021-10-27 13:11:04 -0700},
	journal = {Philosophical Studies},
	number = {3},
	pages = {435--437},
	publisher = {Springer},
	title = {Transitivity, Preference and Indifference},
	volume = {52},
	year = {1987}}

@book{Moore:1912te,
	address = {London},
	author = {Moore, George Edward},
	date-added = {2021-10-10 14:44:01 -0700},
	date-modified = {2021-10-10 14:44:30 -0700},
	publisher = {Williams and Norgate},
	title = {Ethics},
	year = {1912}}

@book{Hume:1748tp,
	address = {Oxford},
	author = {Hume, David},
	date-added = {2021-10-10 14:42:25 -0700},
	date-modified = {2022-08-16 17:27:53 -0700},
	editor = {Beauchamp, Tom L.},
	publisher = {Oxford University Press},
	title = {An Enquiry concerning Human Understanding.},
	year = {1748}}

@incollection{Choi:2021wg,
	author = {Choi, Sungho and Fara, Michael},
	booktitle = {The {Stanford} Encyclopedia of Philosophy},
	date-added = {2021-10-10 14:35:10 -0700},
	date-modified = {2021-10-10 14:35:12 -0700},
	edition = {{S}pring 2021},
	editor = {Edward N. Zalta},
	howpublished = {\url{https://plato.stanford.edu/archives/spr2021/entries/dispositions/}},
	publisher = {Metaphysics Research Lab, Stanford University},
	title = {{Dispositions}},
	year = {2021}}

@book{Box:1987vn,
	author = {Box, George EP and Draper, Norman R},
	date-added = {2021-10-08 17:22:46 -0700},
	date-modified = {2021-10-08 17:22:47 -0700},
	publisher = {John Wiley \& Sons},
	title = {Empirical model-building and response surfaces.},
	year = {1987}}

@book{Pollock:1999tm,
	author = {John L. Pollock and Joe Cruz},
	date-added = {2021-09-29 11:00:23 -0700},
	date-modified = {2021-12-16 18:11:05 -0800},
	publisher = {Rowman \& Littlefield},
	title = {Contemporary Theories of Knowledge, 2nd Edition},
	year = {1999}}

@article{Maksimova:1977un,
	author = {Maksimova, Larisa L},
	date-added = {2021-09-15 14:05:07 -0700},
	date-modified = {2021-09-15 14:05:08 -0700},
	journal = {Algebra and Logic},
	number = {6},
	pages = {427--455},
	publisher = {Springer},
	title = {Craig's theorem in superintuitionistic logics and amalgamable varieties of pseudo-Boolean algebras},
	volume = {16},
	year = {1977}}

@incollection{Moretti:2019wx,
	author = {Luca Moretti and Tommaso Piazza},
	booktitle = {Well Founded Belief: New Essays on the Epistemic Basing Relation},
	date-added = {2021-08-27 17:17:00 -0700},
	date-modified = {2021-08-27 17:17:02 -0700},
	editor = {Joseph Adam Carter and Patrick Bondy},
	publisher = {London: Routledge},
	title = {The Many Ways of the Basing Relation},
	year = {2019}}

@article{Leite:2004uv,
	author = {Adam Leite},
	date-added = {2021-08-27 14:43:15 -0700},
	date-modified = {2021-08-27 14:43:16 -0700},
	journal = {Philosophical Issues},
	number = {1},
	pages = {219--253},
	title = {On Justifying and Being Justified},
	volume = {14},
	year = {2004}}

@article{Vogel:2000tl,
	author = {Jonathan Vogel},
	date-added = {2021-08-12 18:12:38 -0700},
	date-modified = {2021-08-12 18:12:38 -0700},
	journal = {Journal of Philosophy},
	number = {11},
	pages = {602--623},
	publisher = {Journal of Philosophy Inc},
	title = {Reliabilism Leveled},
	volume = {97},
	year = {2000}}

@article{Cohen:2010ux,
	author = {Stewart Cohen},
	date-added = {2021-08-12 17:47:59 -0700},
	date-modified = {2021-08-12 17:48:00 -0700},
	journal = {Philosophical Perspectives},
	number = {1},
	pages = {141--159},
	title = {Bootstrapping, Defeasible Reasoning, and a Priori Justification},
	volume = {24},
	year = {2010}}

@article{Weisberg:2010to,
	author = {Jonathan Weisberg},
	date-added = {2021-08-10 17:35:29 -0700},
	date-modified = {2021-08-10 17:35:30 -0700},
	journal = {Philosophy and Phenomenological Research},
	number = {3},
	pages = {525--548},
	publisher = {Wiley-Blackwell},
	title = {Bootstrapping in General},
	volume = {81},
	year = {2010}}

@article{Pettigrew:2019td,
	author = {Richard Pettigrew},
	date-added = {2021-07-26 19:58:31 -0700},
	date-modified = {2021-07-26 19:58:32 -0700},
	journal = {Australasian Journal of Philosophy},
	number = {4},
	pages = {761--774},
	publisher = {Routledge},
	title = {Veritism, Epistemic Risk, and the Swamping Problem},
	volume = {97},
	year = {2019}}

@incollection{Firth:1978vi,
	address = {Dordrecht},
	author = {Firth, Roderick},
	booktitle = {Values and Morals: Essays in Honor of William Frankena, Charles Stevenson, and Richard Brandt},
	date-added = {2021-07-06 17:23:57 -0700},
	date-modified = {2021-07-06 17:25:57 -0700},
	editor = {Goldman, Alvin I and Kim, Jaegwon},
	pages = {215--229},
	publisher = {Kluwer Academic Publishers},
	title = {Are Epistemic Concepts Reducible to Ethical Concepts?},
	year = {1978}}

@article{Klein:2007ve,
	author = {Klein, Peter},
	date-added = {2021-07-03 17:54:25 -0700},
	date-modified = {2021-07-03 17:54:26 -0700},
	journal = {Philosophical Studies},
	number = {1},
	pages = {1--17},
	publisher = {Springer},
	title = {Human knowledge and the infinite progress of reasoning},
	volume = {134},
	year = {2007}}

@article{Bondy:2018ux,
	author = {Bondy, Patrick and Pritchard, Duncan},
	date-added = {2021-07-03 16:11:25 -0700},
	date-modified = {2021-07-03 16:11:26 -0700},
	journal = {Synthese},
	number = {9},
	pages = {3811--3820},
	publisher = {Springer},
	title = {Propositional epistemic luck, epistemic risk, and epistemic justification},
	volume = {195},
	year = {2018}}

@incollection{Conee:wk,
	author = {Conee, Earl and Feldman, Richard},
	booktitle = {Epistemology: New Essays},
	date-added = {2021-07-01 13:11:30 -0700},
	date-modified = {2021-07-01 13:12:41 -0700},
	editor = {Smith, Quentin},
	publisher = {Oxford University Press},
	title = {Evidence}}

@incollection{Goldman:2011vn,
	author = {Goldman, Alvin I},
	booktitle = {Evidentialism and its Discontents},
	date-added = {2021-07-01 12:31:53 -0700},
	date-modified = {2021-07-01 12:32:54 -0700},
	editor = {Dougherty, Trent},
	pages = {254--280},
	publisher = {Oxford University Press},
	title = {Toward a synthesis of reliabilism and evidentialism? Or: Evidentialism's troubles, reliabilism's rescue package},
	year = {2011}}

@book{Carter:2019vi,
	address = {New York},
	author = {Carter, J. Adam and Bondy, Patrick},
	date-added = {2021-06-29 19:56:27 -0700},
	date-modified = {2021-07-07 18:51:32 -0700},
	publisher = {Routledge},
	title = {Well Founded Belief: New Essays on the Epistemic Basing Relation},
	year = {2019}}

@incollection{Korcz:2019tl,
	author = {Korcz, Keith Allen},
	booktitle = {Well-Founded Belief: New Essays on the Epistemic Basing Relation},
	date-added = {2021-06-29 19:52:36 -0700},
	date-modified = {2022-09-28 12:26:49 -0700},
	editor = {Carter, J. Adam and Bondy, Patrick},
	pages = {113--124},
	publisher = {Routledge},
	title = {Inference and the Basing Relation},
	year = {2019}}

@incollection{Hawthorne:2005tb,
	author = {Hawthorne, John},
	booktitle = {Contemporary Debates in Epistemology},
	date-added = {2021-06-25 17:31:59 -0700},
	date-modified = {2021-06-25 17:32:00 -0700},
	editor = {Matthias Steup and Ernest Sosa},
	pages = {26--43},
	publisher = {Blackwell},
	title = {The Case for Closure},
	year = {2005}}

@book{Williamson:2000wx,
	author = {Timothy Williamson},
	date-added = {2021-06-25 17:26:22 -0700},
	date-modified = {2021-06-25 17:26:24 -0700},
	publisher = {Oxford University Press},
	title = {Knowledge and its Limits},
	year = {2000}}

@article{Korcz:2000uo,
	author = {Korcz, Keith Allen},
	date-added = {2021-06-22 19:24:58 -0700},
	date-modified = {2022-09-28 12:26:43 -0700},
	journal = {Canadian Journal of Philosophy},
	number = {4},
	pages = {525--550},
	title = {The Causal-Doxastic Theory of the Basing Relation},
	volume = {30},
	year = {2000}}

@incollection{Ye:2020ux,
	address = {New York},
	author = {Ye, Ru},
	booktitle = {Well-Founded Belief: New Essays on the Epistemic Basing Relation},
	date-added = {2021-06-22 18:01:24 -0700},
	date-modified = {2021-07-07 18:52:12 -0700},
	editor = {Carter, J. Adam and Bondy, Patrick},
	pages = {15--33},
	publisher = {Routledge},
	title = {A Doxastic-Causal Theory of Epistemic Basing},
	year = {2020}}

@book{Moser:1989tv,
	author = {Moser, Paul K},
	date-added = {2021-06-22 17:38:54 -0700},
	date-modified = {2021-07-07 18:52:29 -0700},
	publisher = {Cambridge University Press},
	title = {Knowledge and Evidence},
	year = {1989}}

@article{Goldman:1999tr,
	author = {Goldman, Alvin I},
	date-added = {2021-06-22 17:17:31 -0700},
	date-modified = {2021-07-07 18:52:42 -0700},
	journal = {Journal of Philosophy},
	number = {6},
	pages = {271--293},
	publisher = {Journal of Philosophy},
	title = {Internalism Exposed},
	volume = {96},
	year = {1999}}

@article{Korcz:1997tm,
	author = {Korcz, Keith Allen},
	date-added = {2021-06-22 14:42:45 -0700},
	date-modified = {2022-09-28 12:26:39 -0700},
	journal = {American Philosophical Quarterly},
	number = {2},
	pages = {171--191},
	title = {Recent Work on the Basing Relation},
	volume = {34},
	year = {1997}}

@article{Tolliver:1982us,
	author = {Joseph Tolliver},
	date-added = {2021-06-22 14:23:39 -0700},
	date-modified = {2021-07-07 18:52:54 -0700},
	journal = {Grazer Philosophische Studien},
	number = {1},
	pages = {149--161},
	publisher = {Rodopi},
	title = {Basing Beliefs on Reasons},
	volume = {15},
	year = {1982}}

@incollection{Korcz:2021ue,
	author = {Korcz, Keith Allen},
	booktitle = {The {Stanford} Encyclopedia of Philosophy},
	date-added = {2021-06-22 14:20:55 -0700},
	date-modified = {2021-06-22 14:20:56 -0700},
	edition = {{S}pring 2021},
	editor = {Edward N. Zalta},
	howpublished = {\url{https://plato.stanford.edu/archives/spr2021/entries/basing-epistemic/}},
	publisher = {Metaphysics Research Lab, Stanford University},
	title = {{The Epistemic Basing Relation}},
	year = {2021}}

@book{Swain:1981wd,
	author = {Marshall Swain},
	date-added = {2021-06-22 14:16:55 -0700},
	date-modified = {2021-06-22 14:16:56 -0700},
	publisher = {Cornell University Press},
	title = {Reasons and Knowledge},
	year = {1981}}

@article{Liskov:1988vo,
	author = {Liskov, Barbara and Shrira, Liuba},
	date-added = {2021-06-20 19:18:17 -0700},
	date-modified = {2021-07-07 18:53:21 -0700},
	journal = {ACM Sigplan Notices},
	number = {7},
	pages = {260--267},
	publisher = {ACM New York},
	title = {Promises: Linguistic support for efficient asynchronous procedure calls in distributed systems},
	volume = {23},
	year = {1988}}

@article{Vetter:2013vf,
	author = {Barbara Vetter},
	date-added = {2021-06-19 16:28:39 -0700},
	date-modified = {2021-06-19 16:28:39 -0700},
	journal = {Philosophers' Imprint},
	title = {'Can' Without Possible Worlds: Semantics for Anti-Humeans},
	volume = {13},
	year = {2013}}

@incollection{Feldman:2014un,
	author = {Feldman, Richard},
	booktitle = {The Ethics of Belief},
	date-added = {2021-06-19 13:15:47 -0700},
	date-modified = {2021-07-07 18:53:35 -0700},
	editor = {Matheson and Vitz},
	pages = {284--300},
	publisher = {Oxford University Press},
	title = {Evidence of Evidence is Evidence},
	year = {2014}}

@article{Carroll:1895uj,
	author = {Carroll, Lewis},
	date-added = {2021-06-18 16:41:38 -0700},
	date-modified = {2022-09-28 12:24:06 -0700},
	journal = {Mind},
	number = {14},
	pages = {278--280},
	publisher = {Oxford University Press},
	title = {What the Tortoise Said to Achilles},
	volume = {4},
	year = {1895}}

@incollection{Fallis:2011uc,
	author = {Don Fallis},
	booktitle = {Collective Epistemology},
	date-added = {2021-06-17 17:48:40 -0700},
	date-modified = {2021-06-17 17:48:41 -0700},
	pages = {157--175},
	title = {Probabilistic Proofs and the Collective Epistemic Goals of Mathematicians},
	year = {2011}}

@article{Tymoczko:1979tx,
	author = {Thomas Tymoczko},
	date-added = {2021-06-17 17:43:43 -0700},
	date-modified = {2021-07-07 18:53:50 -0700},
	journal = {Journal of Philosophy},
	number = {2},
	pages = {57--83},
	publisher = {Journal of Philosophy Inc},
	title = {The Four-Color Problem and its Philosophical Significance},
	volume = {76},
	year = {1979}}

@article{Easwaran:2009tm,
	author = {Kenny Easwaran},
	date-added = {2021-06-17 17:41:00 -0700},
	date-modified = {2021-07-07 18:53:58 -0700},
	journal = {Philosophia Mathematica},
	number = {3},
	pages = {341--362},
	publisher = {Oxford University Press},
	title = {Probabilistic Proofs and Transferability},
	volume = {17},
	year = {2009}}

@article{Longino:1979vh,
	author = {Helen E. Longino},
	date-added = {2021-06-17 14:27:37 -0700},
	date-modified = {2021-07-07 18:54:03 -0700},
	journal = {Philosophy of Science},
	number = {1},
	pages = {35--56},
	publisher = {University of Chicago Press},
	title = {Evidence and Hypothesis: An Analysis of Evidential Relations},
	volume = {46},
	year = {1979}}

@article{Tal:2017uw,
	author = {Eyal Tal and Juan Comesa{\~{n}}a},
	date-added = {2021-06-17 14:01:27 -0700},
	date-modified = {2022-04-24 14:12:16 -0700},
	journal = {No\^{u}s},
	number = {1},
	pages = {95--112},
	publisher = {Wiley-Blackwell},
	title = {Is Evidence of Evidence Evidence?},
	volume = {51},
	year = {2017}}

@phdthesis{Hacquard:2006to,
	author = {Hacquard, Valentine},
	date-added = {2021-06-16 15:10:17 -0700},
	date-modified = {2021-06-16 15:10:58 -0700},
	school = {Massachusetts Institute of Technology},
	title = {Aspects of Modality},
	year = {2006}}

@incollection{Goldman:1979ui,
	author = {Goldman, Alvin I},
	booktitle = {Justification and Knowledge},
	date-added = {2021-06-11 18:43:42 -0700},
	date-modified = {2021-07-07 18:54:20 -0700},
	editor = {George Pappas},
	pages = {1--25},
	publisher = {Boston: D. Reidel},
	title = {What is Justified Belief},
	year = {1979}}

@article{Tierney:2012tt,
	author = {Hannah Tierney and Nicholas D. Smith},
	date-added = {2021-06-11 14:55:06 -0700},
	date-modified = {2021-07-07 18:54:27 -0700},
	journal = {Philosophical Studies},
	number = {1},
	pages = {27--36},
	publisher = {Springer Verlag},
	title = {Keith Lehrer on the Basing Relation},
	volume = {161},
	year = {2012}}

@article{Audi:1983ux,
	author = {Audi, Robert},
	date-added = {2021-06-11 14:23:25 -0700},
	date-modified = {2022-10-06 13:35:30 -0700},
	journal = {Journal of Philosophy},
	number = {7},
	pages = {398--415},
	title = {The Causal Structure of Indirect Justification},
	volume = {80},
	year = {1983}}

@article{Werner:2011tp,
	author = {T. Werner},
	date-added = {2021-06-10 16:58:06 -0700},
	date-modified = {2021-06-10 17:53:58 -0700},
	journal = {Journal of Semantics},
	number = {4},
	pages = {451--484},
	publisher = {Oxford University Press},
	title = {Modal Entailments},
	volume = {28},
	year = {2011}}

@article{Alxatib:2019wf,
	author = {Alxatib, Sam},
	date-added = {2021-06-09 14:08:21 -0700},
	date-modified = {2021-06-09 14:08:48 -0700},
	journal = {Journal of Semantics},
	pages = {701--720},
	title = {Actuality Entailments and Free Choice},
	volume = {36},
	year = {2019}}

@inproceedings{Bhatt:1999ud,
	address = {Stanford},
	author = {Bhatt, Rajesh},
	booktitle = {WCCFL 17 Proceedings},
	date-added = {2021-06-09 14:02:56 -0700},
	date-modified = {2021-06-09 14:03:43 -0700},
	editor = {Kimary Shahin, Susan Blake, and Eun-Sook Kim},
	pages = {74--87},
	publisher = {CSLI Publications},
	title = {Ability modals and their actuality entailments},
	year = {1999}}

@inproceedings{Pinon:2003te,
	address = {Somerville, MA},
	author = {Pi\~{n}\'{o}n, Christopher},
	booktitle = {WCCFL 22 Proceedings},
	date-added = {2021-06-09 13:45:17 -0700},
	date-modified = {2022-10-06 12:36:45 -0700},
	editor = {G. Garding and M. Tsujimura},
	pages = {384--397},
	publisher = {Cascadilla Press},
	title = {Being able to},
	year = {2003}}

@unpublished{Hackl:1998tt,
	author = {Hackl, Martin},
	date-added = {2021-06-08 18:46:09 -0700},
	date-modified = {2021-12-29 16:08:13 -0800},
	howpublished = {\url{http://web.mit.edu/hackl/www/papers/files/AbilityAttributions.pdf}},
	note = {Manuscript, MIT},
	title = {On the semantics of `ability attributions'},
	year = {1998}}

@incollection{Littlejohn:2018uq,
	author = {Clayton Littlejohn},
	booktitle = {Believing in Accordance with the Evidence},
	date-added = {2021-06-08 18:10:02 -0700},
	date-modified = {2021-06-08 18:10:03 -0700},
	editor = {Clayton Littlejohn},
	publisher = {Springer Verlag},
	title = {Standing in a Garden of Forking Paths},
	year = {2018}}

@incollection{Maier:2021te,
	author = {Maier, John},
	booktitle = {The {Stanford} Encyclopedia of Philosophy},
	date-added = {2021-06-07 18:35:20 -0700},
	date-modified = {2021-06-07 18:35:20 -0700},
	edition = {{S}ummer 2021},
	editor = {Edward N. Zalta},
	howpublished = {\url{https://plato.stanford.edu/archives/sum2021/entries/abilities/}},
	publisher = {Metaphysics Research Lab, Stanford University},
	title = {{Abilities}},
	year = {2021}}

@article{Willer:2021ur,
	author = {Malte Willer},
	date-added = {2021-06-07 18:34:31 -0700},
	date-modified = {2021-06-07 18:34:35 -0700},
	journal = {Linguistics and Philosophy},
	pages = {1--36},
	title = {Two Puzzles About Ability Can},
	year = {forthcoming}}

@article{Maier:2013vk,
	author = {John Maier},
	date-added = {2021-06-07 18:32:20 -0700},
	date-modified = {2021-06-07 18:32:26 -0700},
	journal = {Philosophy and Phenomenological Research},
	number = {3},
	pages = {113--134},
	title = {The Agentive Modalities},
	volume = {87},
	year = {2013}}

@article{Pollock:1987un,
	author = {John L. Pollock},
	date-added = {2021-05-28 20:10:32 -0700},
	date-modified = {2021-05-28 20:10:36 -0700},
	journal = {Cognitive Science},
	number = {4},
	pages = {481--518},
	title = {Defeasible Reasoning},
	volume = {11},
	year = {1987}}

@incollection{Dretske:2005vy,
	author = {Dretske, Fred},
	booktitle = {Contemporary Debates in Epistemology},
	date-added = {2021-05-10 00:01:08 -0700},
	date-modified = {2021-05-10 00:02:24 -0700},
	editor = {Matthias Steup and Ernest Sosa},
	pages = {13--25},
	publisher = {Blackwell},
	title = {The Case against Closure},
	year = {2005}}

@incollection{Moretti:2018tl,
	author = {Moretti, Luca and Piazza, Tommaso},
	booktitle = {The {Stanford} Encyclopedia of Philosophy},
	date-added = {2021-05-09 13:41:06 -0700},
	date-modified = {2021-05-09 13:42:15 -0700},
	edition = {Winter 2018},
	editor = {Edward N. Zalta},
	howpublished = {\url{https://plato.stanford.edu/archives/win2018/entries/transmission-justification-warrant/propositional-doxastic.html}},
	publisher = {Metaphysics Research Lab, Stanford University},
	title = {{Transmission of Propositional Justification versus Transmission of Doxastic Justification}},
	year = {2018}}

@article{Moretti:2013wd,
	author = {Moretti, Luca and Piazza, Tommaso},
	date-added = {2021-05-03 16:22:03 -0700},
	date-modified = {2021-05-03 16:23:25 -0700},
	journal = {Synthese},
	number = {13},
	pages = {2481--2503},
	publisher = {Springer Verlag},
	title = {When Warrant Transmits and When It Doesn't: Towards a General Framework},
	volume = {190},
	year = {2013}}

@incollection{Moretti:2018we,
	author = {Moretti, Luca and Piazza, Tommaso},
	booktitle = {The {Stanford} Encyclopedia of Philosophy},
	date-added = {2021-05-01 18:56:39 -0700},
	date-modified = {2021-05-02 16:27:22 -0700},
	edition = {Winter 2018},
	editor = {Zalta, Edward N.},
	howpublished = {\url{https://plato.stanford.edu/archives/win2018/entries/transmission-justification-warrant/}},
	publisher = {Metaphysics Research Lab, Stanford University},
	title = {Transmission of Justification and Warrant},
	year = {2018}}

@incollection{Wright:2012uy,
	author = {Wright, Crispin},
	booktitle = {Mind, Meaning, and Knowledge: Themes from the Philosophy of Crispin Wright},
	date-added = {2021-04-27 13:55:25 -0700},
	date-modified = {2021-04-29 13:58:49 -0700},
	editor = {Coliva, Annalisa},
	pages = {377--486},
	publisher = {Oxford University Press},
	title = {Replies},
	year = {2012}}

@incollection{Wright:2011wn,
	author = {Wright, Crispin},
	booktitle = {Self-Knowledge},
	date-added = {2021-04-26 14:28:40 -0700},
	date-modified = {2021-07-07 18:55:40 -0700},
	editor = {Anthony E Hatzimoysis},
	pages = {80--103},
	publisher = {Oxford University Press},
	title = {McKinsey One More Time},
	year = {2011}}

@article{Smith:2009tl,
	author = {Smith, Martin},
	date-added = {2021-04-25 14:14:32 -0700},
	date-modified = {2021-04-27 15:18:43 -0700},
	journal = {Philosophy and Phenomenological Research},
	number = {1},
	pages = {164--189},
	publisher = {Wiley-Blackwell},
	title = {Transmission Failure Explained},
	volume = {79},
	year = {2009}}

@article{Tucker:2012tv,
	author = {Chris Tucker},
	date-added = {2021-04-25 14:13:45 -0700},
	date-modified = {2021-04-27 15:18:53 -0700},
	journal = {Episteme},
	number = {4},
	pages = {393--406},
	publisher = {Edinburgh University Press},
	title = {The Dangers of Using Safety to Explain Transmission Failure: A Reply to Martin Smith},
	volume = {9},
	year = {2012}}

@book{Harman:1973ww,
	author = {Gilbert Harman},
	date-added = {2021-04-16 16:32:53 -0700},
	date-modified = {2021-04-16 16:32:54 -0700},
	publisher = {Princeton University Press},
	title = {Thought},
	year = {1973}}

@article{Tucker:2010wn,
	author = {Chris Tucker},
	date-added = {2021-04-13 14:03:41 -0700},
	date-modified = {2021-04-21 13:55:55 -0700},
	journal = {Philosophical Review},
	number = {4},
	pages = {497--529},
	publisher = {Duke University Press},
	title = {When Transmission Fails},
	volume = {119},
	year = {2010}}

@article{Otero:2018we,
	author = {Manuel P\'{e}rez Otero},
	date-added = {2021-04-13 13:32:32 -0700},
	date-modified = {2021-04-22 13:35:30 -0700},
	journal = {Pacific Philosophical Quarterly},
	number = {S1},
	pages = {23--43},
	publisher = {Wiley},
	title = {Cogency, Warrant Transmission-Increase and Non-Ideal Thinkers},
	volume = {99},
	year = {2018}}

@article{Roche:2014ww,
	author = {Roche, William and Shogenji, Tomoji},
	date-added = {2021-03-30 16:41:56 -0700},
	date-modified = {2021-03-30 16:41:58 -0700},
	journal = {Philosophical Studies},
	number = {3},
	pages = {797--817},
	publisher = {Springer},
	title = {Confirmation, transitivity, and Moore: The screening-off approach},
	volume = {168},
	year = {2014}}

@article{Burge:1988vn,
	author = {Tyler Burge},
	date-added = {2021-03-17 17:05:32 -0700},
	date-modified = {2021-04-21 15:57:06 -0700},
	journal = {Journal of Philosophy},
	number = {November},
	pages = {649--63},
	title = {Individualism and Self-Knowledge},
	volume = {85},
	year = {1988}}

@article{Wright:2016wl,
	author = {Stephen Wright},
	date-added = {2021-03-06 18:24:16 -0800},
	date-modified = {2021-04-21 15:57:14 -0700},
	journal = {Synthese},
	number = {1},
	pages = {293--311},
	title = {The Transmission of Knowledge and Justification},
	volume = {193},
	year = {2016}}

@book{Grice:1989uf,
	author = {Grice, Herbert Paul},
	date-added = {2021-03-06 17:03:54 -0800},
	date-modified = {2022-08-18 16:03:50 -0700},
	publisher = {Cambridge: Harvard University Press},
	title = {Studies in the Way of Words},
	year = {1989}}

@incollection{Graham:2006vs,
	author = {Peter J. Graham},
	booktitle = {The Epistemology of Testimony},
	date-added = {2021-03-04 13:45:46 -0800},
	date-modified = {2021-03-04 13:45:47 -0800},
	editor = {Jennifer Lackey and Ernest Sosa},
	pages = {93--115},
	publisher = {Oxford University Press},
	title = {Liberal Fundamentalism and its Rivals},
	year = {2006}}

@article{Owens:2006tw,
	author = {David Owens},
	date-added = {2021-03-02 17:11:17 -0800},
	date-modified = {2021-03-02 17:11:26 -0800},
	journal = {Philosophical Studies},
	number = {1},
	pages = {105--129},
	title = {Testimony and Assertion},
	volume = {130},
	year = {2006}}

@article{Weatherson:2008uq,
	author = {Brian Weatherson},
	date-added = {2021-02-23 15:38:47 -0800},
	date-modified = {2021-02-23 15:39:09 -0800},
	journal = {Journal of Philosophy},
	number = {9},
	pages = {540--569},
	title = {Deontology and Descartes's Demon},
	volume = {105},
	year = {2008}}

@incollection{Ginet:2001aa,
	author = {Carl Ginet},
	booktitle = {Knowledge, Truth and Duty},
	date-added = {2021-02-23 13:51:48 -0800},
	date-modified = {2021-02-23 13:51:49 -0800},
	editor = {Matthias Steup},
	pages = {63--76},
	publisher = {Oxford University Press},
	title = {Deciding to Believe},
	year = {2001}}

@article{Singh:2019aa,
	author = {Singh, Keshav},
	date-added = {2021-02-11 14:31:30 -0800},
	date-modified = {2021-02-11 14:31:30 -0800},
	journal = {Philosophy and Phenomenological Research},
	number = {2},
	pages = {409--430},
	title = {Acting and Believing Under the Guise of Normative Reasons},
	volume = {99},
	year = {2019}}

@incollection{Prawitz:2005aa,
	author = {Prawitz, Dag},
	booktitle = {The Oxford handbook of philosophy of mathematics and logic},
	date-added = {2021-02-10 14:22:18 -0800},
	date-modified = {2021-02-10 18:14:09 -0800},
	pages = {671--695},
	publisher = {Oxford University Press},
	title = {Logical consequence from a constructivist view},
	year = {2005}}

@incollection{Hornsby:2008aa,
	address = {Oxford},
	author = {Hornsby, J},
	booktitle = {Disjunctivism: Perception, action, knowledge},
	date-added = {2021-02-07 13:42:32 -0800},
	date-modified = {2021-02-07 13:43:25 -0800},
	editor = {Haddock, A and Macpherson, F},
	pages = {262--279},
	publisher = {Oxford University Press},
	title = {A disjunctive conception of acting for a reason},
	year = {2008}}

@incollection{Hornsby:2007ab,
	address = {Berlin},
	author = {Hornsby, J},
	booktitle = {Action in context},
	date-added = {2021-02-07 13:41:31 -0800},
	date-modified = {2021-02-07 13:42:17 -0800},
	editor = {Leist, A},
	pages = {285--302},
	publisher = {Walter de Gruyter},
	title = {Knowledge in action},
	year = {2007}}

@incollection{Hornsby:2007aa,
	address = {Newcastle},
	author = {Hornsby, J},
	booktitle = {Explaining the mental},
	date-added = {2021-02-07 13:40:20 -0800},
	date-modified = {2021-02-07 13:41:24 -0800},
	editor = {Penco, C and Beany, M and Vignolo, M},
	pages = {88--105},
	publisher = {Cambridge Scholars Publishing},
	title = {Knowledge, belief and reasons for acting},
	year = {2007}}

@article{Cunningham:2020aa,
	author = {Joseph Cunningham},
	date-added = {2021-02-07 13:39:25 -0800},
	date-modified = {2021-02-07 13:39:26 -0800},
	journal = {Erkenntnis},
	number = {3},
	pages = {673--692},
	publisher = {Springer Verlag},
	title = {Knowledgeably Responding to Reasons},
	volume = {85},
	year = {2020}}

@article{Schmidt:2019aa,
	author = {Eva Schmidt},
	date-added = {2021-02-06 14:44:37 -0800},
	date-modified = {2021-02-06 14:44:37 -0800},
	journal = {Philosophical Studies},
	number = {2},
	pages = {483--501},
	publisher = {Springer Verlag},
	title = {Possessing Epistemic Reasons: The Role of Rational Capacities},
	volume = {176},
	year = {2019}}

@incollection{Schroeder:2011aa,
	author = {Mark Schroeder},
	booktitle = {Reasons for Belief},
	date-added = {2021-02-06 14:34:16 -0800},
	date-modified = {2021-02-06 14:34:16 -0800},
	editor = {Andrew Reisner and Asbj\o{}rn Steglich{-}Petersen},
	pages = {201--22},
	publisher = {Cambridge University Press},
	title = {What Does It Take to "Have" a Reason?},
	year = {2011}}

@book{Kiesewetter:2017aa,
	author = {Kiesewetter, Benjamin},
	date-added = {2021-01-17 15:19:42 -0800},
	date-modified = {2021-01-17 15:19:43 -0800},
	publisher = {Oxford University Press},
	title = {The normativity of rationality},
	year = {2017}}

@incollection{Christensen:2007aa,
	author = {Christensen, David},
	booktitle = {Oxford Studies in Epistemology},
	date-added = {2021-01-12 17:19:39 -0800},
	date-modified = {2021-01-12 17:21:19 -0800},
	pages = {3--31},
	publisher = {Oxford University Press},
	title = {Does Murphy's Law Apply in Epistemology? Self-Doubt and Rational Ideals},
	volume = {2},
	year = {2007}}

@book{Emms:2000aa,
	author = {Emms, John},
	date-added = {2021-01-11 12:24:07 -0800},
	date-modified = {2021-01-11 12:24:33 -0800},
	publisher = {Gambit},
	title = {The Ultimate Chess Puzzle Book},
	year = {2000}}

@inproceedings{Lukasiewicz:1948aa,
	author = {\L{}ukasiewicz, Jan},
	booktitle = {Proceedings of the Royal Irish Academy. Section A: Mathematical and Physical Sciences},
	date-added = {2021-01-06 16:57:48 -0800},
	date-modified = {2021-02-11 14:52:44 -0800},
	pages = {25--33},
	title = {The shortest axiom of the implicational calculus of propositions},
	volume = {52},
	year = {1948}}

@article{Neta:2019aa,
	author = {Neta, Ram},
	date-added = {2021-01-04 17:59:04 -0800},
	date-modified = {2021-01-04 17:59:50 -0800},
	journal = {Philosophical Review},
	number = {2},
	pages = {179--217},
	title = {The Basing Relation},
	volume = {128},
	year = {2019}}

@book{Blackburn:2002aa,
	author = {Blackburn, Patrick and De Rijke, Maarten and Venema, Yde},
	date-added = {2020-12-23 15:20:15 -0800},
	date-modified = {2020-12-23 15:20:23 -0800},
	publisher = {Cambridge University Press},
	title = {Modal logic},
	volume = {53},
	year = {2002}}

@book{Bhatt:2008aa,
	author = {Bhatt, Rajesh},
	date-added = {2020-11-11 13:10:27 -0800},
	date-modified = {2022-09-02 16:21:20 -0700},
	publisher = {Walter de Gruyter},
	title = {Covert modality in non-finite contexts},
	volume = {8},
	year = {2006}}

@article{Boylan:2020aa,
	author = {Boylan, David},
	date-added = {2020-11-10 13:20:42 -0800},
	date-modified = {2022-08-21 15:51:09 -0700},
	journal = {No\^{u}s},
	title = {Does success entail ability?},
	year = {2021}}

@article{Schwarz:2020aa,
	author = {Schwarz, Wolfgang},
	date-added = {2020-11-07 17:49:06 -0800},
	date-modified = {2022-09-02 16:22:42 -0700},
	journal = {Philosophers' Imprint},
	number = {6},
	pages = {1--21},
	title = {Ability and Possibility},
	volume = {20},
	year = {2020}}

@article{Mandelkern:2017aa,
	author = {Mandelkern, Matthew and Schultheis, Ginger and Boylan, David},
	date-added = {2020-11-07 17:48:09 -0800},
	date-modified = {2020-11-07 17:48:09 -0800},
	journal = {The Philosophical Review},
	number = {3},
	pages = {301--343},
	publisher = {Duke University Press},
	title = {Agentive modals},
	volume = {126},
	year = {2017}}

@article{Egan:2007aa,
	author = {Egan, Andy},
	date-added = {2020-10-21 13:19:47 -0700},
	date-modified = {2020-10-21 13:19:47 -0700},
	journal = {Philosophical Studies},
	number = {1},
	pages = {1--22},
	publisher = {Springer},
	title = {Epistemic modals, relativism and assertion},
	volume = {133},
	year = {2007}}

@article{Simchen:2001aa,
	author = {Simchen, Ori},
	date-added = {2020-10-20 15:27:11 -0700},
	date-modified = {2020-10-20 15:27:12 -0700},
	journal = {The Philosophical Quarterly},
	number = {205},
	pages = {455--473},
	publisher = {Wiley Online Library},
	title = {Rules and mention},
	volume = {51},
	year = {2001}}

@article{Turri:2010aa,
	author = {Turri, John},
	date-added = {2020-10-15 15:31:23 -0700},
	date-modified = {2020-10-15 15:31:23 -0700},
	journal = {Philosophy and phenomenological research},
	number = {2},
	pages = {312--326},
	publisher = {Wiley Online Library},
	title = {On the relationship between propositional and doxastic justification},
	volume = {80},
	year = {2010}}

@book{Link:1997aa,
	address = {Stanford, CA},
	author = {Link, Godehard},
	date-added = {2020-10-07 12:47:45 -0700},
	date-modified = {2020-10-07 12:48:21 -0700},
	publisher = {CSLI Publications},
	title = {Algebraic semantics in language and philosophy},
	year = {1997}}

@incollection{Koenig:2016aa,
	author = {Koenig, Jean-Pierre},
	booktitle = {The Routledge Handbook of Semantics},
	date-added = {2020-10-07 12:45:45 -0700},
	date-modified = {2022-09-28 12:26:25 -0700},
	pages = {387--402},
	publisher = {Routledge},
	title = {Event semantics},
	year = {2016}}

@article{Worsnip:2018aa,
	author = {Worsnip, Alex},
	date-added = {2020-10-05 13:14:33 -0700},
	date-modified = {2022-09-29 12:23:49 -0700},
	journal = {Philosophy and Phenomenological Research},
	number = {1},
	pages = {3--44},
	title = {The conflict of evidence and coherence},
	volume = {96},
	year = {2018}}

@book{Marr:1982aa,
	address = {San Francisco},
	author = {Marr, David},
	date-added = {2020-10-04 17:30:57 -0700},
	date-modified = {2020-10-04 17:33:23 -0700},
	publisher = {Freeman \& Co.},
	title = {Vision: A Computational Approach},
	year = {1982}}

@article{Neta:2020aa,
	author = {Neta, Ram},
	date-added = {2020-09-19 16:28:50 -0700},
	date-modified = {2020-09-20 13:56:37 -0700},
	journal = {Philosophy and Phenomenological Research},
	title = {Basing = Treating},
	year = {forthcoming}}

@incollection{Siegel:2019aa,
	address = {Oxford},
	author = {Siegel, Susanna},
	booktitle = {Reasoning: New Essays on Theoretical and Practical Thinking},
	date-added = {2020-09-17 14:34:46 -0700},
	date-modified = {2020-09-20 14:02:38 -0700},
	editor = {Balcerak Jackson, Magdalena and Balcerak Jackson, Brendan},
	publisher = {Oxford University Press},
	title = {Inference without reckoning},
	year = {2019}}

@article{Boghossian:2014aa,
	author = {Boghossian, Paul Artin},
	date-added = {2020-09-17 12:19:14 -0700},
	date-modified = {2022-10-06 13:37:03 -0700},
	journal = {Philosophical Studies},
	number = {1},
	pages = {1--18},
	title = {What is Inference?},
	volume = {169},
	year = {2014}}

@incollection{Broome:2019aa,
	address = {Oxford},
	author = {Broome, John},
	booktitle = {Reasoning: New Essays on Theoretical and Practical Thinking},
	date-added = {2020-09-17 12:02:54 -0700},
	date-modified = {2020-09-20 14:02:26 -0700},
	editor = {Balcerak Jackson, Magdalena and Balcerak Jackson, Brendan},
	publisher = {Oxford University Press},
	title = {A linking belief is not essential for reasoning},
	year = {2019}}

@article{Buchak:2014aa,
	author = {Buchak, Lara Marie},
	date-added = {2020-09-15 18:46:02 -0700},
	date-modified = {2022-10-06 13:37:38 -0700},
	journal = {Philosophical studies},
	number = {2},
	pages = {285--311},
	publisher = {Springer},
	title = {Belief, credence, and norms},
	volume = {169},
	year = {2014}}

@article{Over:1983ab,
	author = {Over, D E},
	date-added = {2020-09-14 13:58:33 -0700},
	date-modified = {2022-10-06 13:40:13 -0700},
	journal = {Analysis},
	number = {2},
	pages = {85--91},
	publisher = {JSTOR},
	title = {Effective and non-effective reference},
	volume = {43},
	year = {1983}}

@book{Carre:1974aa,
	author = {le Carr{\'e}, John},
	date-added = {2020-09-13 16:53:20 -0700},
	date-modified = {2020-09-13 16:54:00 -0700},
	publisher = {Hodder \& Stoughton},
	title = {Tinker Tailor Soldier Spy},
	year = {1974}}

@book{Russell:2001aa,
	address = {Oxford},
	author = {Russell, Bertrand},
	date-added = {2020-09-13 15:21:49 -0700},
	date-modified = {2020-09-13 15:22:04 -0700},
	publisher = {Oxford University Press},
	title = {The problems of philosophy},
	year = {1912}}

@article{Over:1985aa,
	author = {Over, D E},
	date-added = {2020-09-13 15:19:18 -0700},
	date-modified = {2020-09-13 15:19:21 -0700},
	journal = {Linguistics and Philosophy},
	number = {4},
	pages = {415--429},
	publisher = {Springer},
	title = {Constructivity and the referential/attributive distinction},
	volume = {8},
	year = {1985}}

@article{Millican:1990aa,
	author = {Millican, Peter and Over, David},
	date-added = {2020-09-13 15:17:12 -0700},
	date-modified = {2020-09-13 15:17:17 -0700},
	journal = {Proceedings of the Aristotelian Society, Supplementary Volumes},
	pages = {167--220},
	title = {Content, thoughts, and definite descriptions},
	volume = {64},
	year = {1990}}

@article{Over:1987aa,
	author = {Over, D E},
	date-added = {2020-09-13 15:16:10 -0700},
	date-modified = {2020-09-13 15:16:26 -0700},
	journal = {Philosophical Papers},
	number = {2},
	pages = {107--124},
	publisher = {Taylor \& Francis},
	title = {Russell's hierarchy of acquaintance},
	volume = {16},
	year = {1987}}

@article{Over:1986aa,
	author = {Over, D E},
	date-added = {2020-09-13 15:15:39 -0700},
	date-modified = {2020-09-13 15:16:34 -0700},
	journal = {The Philosophical Quarterly},
	number = {142},
	pages = {29--36},
	title = {Knowledge and Non-Constructive Reasoning},
	volume = {36},
	year = {1986}}

@article{Over:1983aa,
	author = {Over, D E},
	date-added = {2020-09-11 17:14:40 -0700},
	date-modified = {2020-09-13 15:16:41 -0700},
	journal = {Journal of Semantics},
	number = {1},
	pages = {41--62},
	publisher = {Oxford University Press},
	title = {Constructivity and Relational Belief},
	volume = {2},
	year = {1983}}

@book{Lord:2018aa,
	address = {Oxford},
	author = {Lord, Errol},
	date-added = {2020-09-05 13:24:57 -0700},
	date-modified = {2020-09-05 13:25:09 -0700},
	publisher = {Oxford University Press},
	title = {The importance of being rational},
	year = {2018}}

@article{Pryor:2018aa,
	author = {Pryor, James},
	date-added = {2020-09-04 16:08:58 -0700},
	date-modified = {2020-09-04 16:09:50 -0700},
	journal = {Analytic Philosophy},
	number = {1},
	pages = {112--141},
	title = {The Merits of Incoherence},
	volume = {59},
	year = {2018}}

@article{Knoks:2020aa,
	author = {Aleks Knoks},
	date-added = {2020-08-26 16:47:11 -0700},
	date-modified = {2020-08-26 16:47:11 -0700},
	journal = {Ergo: An Open Access Journal of Philosophy},
	title = {Misleading Higher-Order Evidence, Conflicting Ideals, and Defeasible Logic},
	year = {forthcoming}}

@article{Fogal:2019aa,
	author = {Fogal, Daniel},
	date-added = {2020-08-26 16:42:58 -0700},
	date-modified = {2020-08-26 16:43:00 -0700},
	journal = {Mind},
	title = {Rational requirements and the primacy of pressure},
	year = {2019}}

@incollection{Silva:2020aa,
	author = {Silva, Paul Jr. and Oliveira, Luis R. G.},
	booktitle = {The Routledge Handbook of Evidence},
	date-added = {2020-08-22 13:44:13 -0700},
	date-modified = {2021-05-02 16:40:39 -0700},
	publisher = {Routledge},
	title = {Propositional Justification and Doxastic Justification},
	year = {forthcoming}}

@article{Hajek:2007aa,
	author = {Alan H\'ajek},
	date-added = {2020-08-17 17:38:31 -0700},
	date-modified = {2020-08-17 17:38:33 -0700},
	journal = {Synthese},
	number = {3},
	pages = {563--585},
	publisher = {Springer},
	title = {The Reference Class Problem is Your Problem Too},
	volume = {156},
	year = {2007}}

@article{Baker:2018aa,
	author = {Baker, Judith and Clark, Philip},
	date-added = {2020-08-17 16:56:46 -0700},
	date-modified = {2021-06-20 19:50:00 -0700},
	journal = {Canadian Journal of Philosophy},
	number = {2},
	pages = {178--199},
	publisher = {Routledge},
	title = {Epistemic Buck-Passing and the Interpersonal View of Testimony},
	volume = {48},
	year = {2018}}

@book{Lackey:2008aa,
	author = {Jennifer Lackey},
	date-added = {2020-08-17 16:56:17 -0700},
	date-modified = {2020-08-17 16:56:18 -0700},
	publisher = {Oxford: Oxford University Press},
	title = {Learning From Words: Testimony as a Source of Knowledge},
	year = {2008}}

@article{Hardwig:1985aa,
	author = {John Hardwig},
	date-added = {2020-08-17 13:03:21 -0700},
	date-modified = {2020-08-17 13:03:21 -0700},
	journal = {Journal of Philosophy},
	number = {7},
	pages = {335--349},
	publisher = {Journal of Philosophy Inc},
	title = {Epistemic Dependence},
	volume = {82},
	year = {1985}}

@incollection{Sorensen:2020aa,
	author = {Sorensen, Roy},
	booktitle = {The Stanford Encyclopedia of Philosophy},
	date-added = {2020-08-17 12:21:51 -0700},
	date-modified = {2020-08-17 12:21:52 -0700},
	edition = {Fall 2020},
	editor = {Edward N. Zalta},
	howpublished = {\url{https://plato.stanford.edu/archives/fall2020/entries/epistemic-paradoxes/}},
	publisher = {Metaphysics Research Lab, Stanford University},
	title = {Epistemic Paradoxes},
	year = {2020}}

@incollection{Wright:2003aa,
	author = {Wright, Crispin},
	booktitle = {New Essays on Semantic Externalism and Self-Knowledge},
	date-added = {2020-08-16 18:04:39 -0700},
	date-modified = {2022-09-29 12:22:51 -0700},
	editor = {Nuccetelli, Susana},
	publisher = {MIT Press},
	title = {Some Reflections on the Acquisition of Warrant by Inference},
	year = {2003}}

@article{Moss:2015aa,
	author = {Moss, Sarah},
	date-added = {2020-08-11 16:18:55 -0700},
	date-modified = {2020-08-11 16:18:55 -0700},
	journal = {Oxford studies in epistemology},
	number = {5},
	pages = {172--193},
	publisher = {Oxford University Press Oxford},
	title = {Time-slice epistemology and action under indeterminacy},
	volume = {5},
	year = {2015}}

@article{BonJour:1980aa,
	author = {BonJour, Laurence},
	date-added = {2020-08-05 16:05:05 -0700},
	date-modified = {2020-08-05 16:05:05 -0700},
	journal = {Midwest studies in philosophy},
	pages = {53--73},
	title = {Externalist theories of empirical knowledge},
	volume = {5},
	year = {1980}}

@article{McCain:2012aa,
	author = {McCain, Kevin},
	date-added = {2020-08-05 13:43:07 -0700},
	date-modified = {2020-08-05 13:43:07 -0700},
	journal = {Philosophical Studies},
	number = {3},
	pages = {357--382},
	publisher = {Springer},
	title = {The interventionist account of causation and the basing relation},
	volume = {159},
	year = {2012}}

@article{Lehrer:1971aa,
	author = {Lehrer, Keith},
	date-added = {2020-08-03 17:48:08 -0700},
	date-modified = {2020-08-03 17:48:08 -0700},
	journal = {The Journal of Philosophy},
	number = {10},
	pages = {311--313},
	publisher = {JSTOR},
	title = {How reasons give us knowledge, or the case of the gypsy lawyer},
	volume = {68},
	year = {1971}}

@article{Engel:1992aa,
	author = {Engel, Mylan},
	date-added = {2020-08-03 17:41:43 -0700},
	date-modified = {2020-08-03 17:41:44 -0700},
	journal = {Philosophical Studies},
	number = {2},
	pages = {133--150},
	publisher = {Springer},
	title = {Personal and doxastic justification in epistemology},
	volume = {67},
	year = {1992}}

@article{Quisquater:1989aa,
	author = {Quisquater, Jean-Jacques and Guillou, Louis},
	date-added = {2020-07-29 15:16:16 -0700},
	date-modified = {2020-07-29 15:21:08 -0700},
	journal = {Advances in Cryptology},
	note = {in collaboration with T.\ Berson},
	organization = {Springer},
	pages = {628--631},
	title = {How to explain zero-knowledge protocols to your children},
	volume = {435},
	year = {1989}}

@article{Setiya:2014aa,
	author = {Setiya, Kieran},
	date-added = {2020-07-19 17:21:08 -0700},
	date-modified = {2020-07-19 17:21:08 -0700},
	journal = {Philosophical Studies},
	number = {2},
	pages = {221--235},
	publisher = {Springer},
	title = {What is a Reason to Act?},
	volume = {167},
	year = {2014}}

@article{Weatherson:2015aa,
	author = {Weatherson, Brian},
	date-added = {2020-07-13 15:17:56 -0700},
	date-modified = {2020-07-13 15:17:56 -0700},
	journal = {Canadian Journal of Philosophy},
	number = {5-6},
	pages = {692--715},
	publisher = {Cambridge University Press},
	title = {Memory, belief and time},
	volume = {45},
	year = {2015}}

@article{Spear:2020aa,
	author = {Spear, Andrew D},
	date-added = {2020-06-18 11:41:20 -0700},
	date-modified = {2020-06-18 11:41:21 -0700},
	journal = {Topoi},
	number = {1},
	pages = {229--241},
	publisher = {Springer},
	title = {Gaslighting, confabulation, and epistemic innocence},
	volume = {39},
	year = {2020}}

@book{Arpaly:2003aa,
	author = {Arpaly, Nomy},
	date-added = {2020-06-14 14:46:00 -0700},
	date-modified = {2020-06-14 14:49:58 -0700},
	publisher = {Oxford University Press},
	title = {Unprincipled virtue: An inquiry into moral agency},
	year = {2003}}

@article{Harman:1976aa,
	author = {Harman, Gilbert},
	date-added = {2020-06-12 15:13:02 -0700},
	date-modified = {2020-06-12 15:13:08 -0700},
	journal = {The Review of Metaphysics},
	pages = {431--463},
	title = {Practical reasoning},
	year = {1976}}

@inproceedings{Hieronymi:2011aa,
	address = {Oxford},
	author = {Hieronymi, Pamela},
	booktitle = {Proceedings of the Aristotelian Society},
	date-added = {2020-06-10 14:35:06 -0700},
	date-modified = {2020-06-10 14:36:14 -0700},
	number = {3},
	organization = {Oxford University Press},
	pages = {407--427},
	title = {Reasons for Action},
	volume = {111},
	year = {2011}}

@incollection{Smith:2015ab,
	address = {Oxford},
	author = {Smith, Michael},
	booktitle = {Motivational Internalism},
	date-added = {2020-06-10 11:59:22 -0700},
	date-modified = {2020-06-10 11:59:22 -0700},
	editor = {Bj\"ornsson, Gunnar and Strandberg, Caj and Olinder, Ragnar Franc\'en and Eriksson, John and Bj\"orklund, Fredrik},
	pages = {27--43},
	publisher = {Oxford University Press},
	title = {Evaluative Judgements, Judgements about Reasons, and Motivations},
	year = {2015}}

@incollection{Quinn:1993aa,
	address = {Cambridge},
	author = {Quinn, Warren},
	booktitle = {Morality and Action},
	date-added = {2020-06-06 12:43:06 -0700},
	date-modified = {2020-06-06 12:45:27 -0700},
	pages = {228--255},
	publisher = {Cambridge University Press},
	title = {Putting Rationality in its Place},
	year = {1993}}

@article{Arntzenius:2008aa,
	author = {Arntzenius, Frank},
	date-added = {2020-05-27 10:28:20 -0700},
	date-modified = {2020-05-27 10:28:21 -0700},
	journal = {Erkenntnis},
	number = {2},
	pages = {277--297},
	publisher = {Springer},
	title = {No regrets, or: Edith Piaf revamps decision theory},
	volume = {68},
	year = {2008}}

@article{Joyce:2012aa,
	author = {Joyce, James M},
	date-added = {2020-05-27 10:27:37 -0700},
	date-modified = {2020-05-27 10:27:37 -0700},
	journal = {Synthese},
	number = {1},
	pages = {123--145},
	publisher = {Springer},
	title = {Regret and instability in causal decision theory},
	volume = {187},
	year = {2012}}

@book{Gibson:2000aa,
	author = {Gibson, William},
	date-added = {2020-05-25 21:57:51 -0700},
	date-modified = {2020-05-25 21:58:41 -0700},
	publisher = {Penguin},
	title = {Neuromancer},
	year = {2000}}

@book{Milne:2009aa,
	author = {Milne, Alan Alexander},
	date-added = {2020-05-25 18:30:31 -0700},
	date-modified = {2022-10-26 12:53:13 -0700},
	note = {Decorations by Ernest H.\ Shepard},
	publisher = {Dutton Children's Books},
	title = {Winnie-the-Pooh},
	year = {2009}}

@book{Shakespeare:1968aa,
	address = {Cambridge},
	author = {Shakespeare, William},
	date-added = {2020-05-25 17:05:49 -0700},
	date-modified = {2020-05-25 17:10:38 -0700},
	publisher = {Cambridge University Press},
	title = {The Third Part of King Henry VI},
	year = {1968}}

@book{Dancy:2000aa,
	author = {Dancy, Jonathan},
	date-added = {2020-05-24 13:35:39 -0700},
	date-modified = {2020-05-24 13:35:40 -0700},
	publisher = {Clarendon Press},
	title = {Practical reality},
	year = {2000}}

@incollection{Dancy:2015aa,
	author = {Dancy, Jonathan},
	booktitle = {Philosophy of Action: An Anthology},
	date-added = {2020-05-24 12:49:51 -0700},
	date-modified = {2020-05-24 12:51:22 -0700},
	editor = {Dancy, Jonathan and Sandis, Constantine},
	publisher = {Wiley-Blackwell},
	title = {How to Act for a Good Reason},
	year = {2015}}

@book{Fricker:2007aa,
	author = {Fricker, Miranda},
	date-added = {2020-05-23 17:42:51 -0700},
	date-modified = {2020-05-23 17:42:52 -0700},
	publisher = {Oxford University Press},
	title = {Epistemic injustice: Power and the ethics of knowing},
	year = {2007}}

@book{Kant:1997aa,
	author = {Kant, Immanuel},
	date-added = {2020-05-23 17:12:12 -0700},
	date-modified = {2020-05-23 17:13:05 -0700},
	note = {translated by M.\ Gregor},
	publisher = {Cambridge University Press Cambridge, United Kingdom},
	title = {Groundwork of the Metaphysics of Morals},
	year = {1997}}

@misc{Bratman:1991aa,
	author = {Bratman, Michael Edward},
	date-added = {2020-05-23 11:16:26 -0700},
	date-modified = {2020-07-16 15:55:07 -0700},
	publisher = {University of Chicago Press},
	title = {Cognitivism about practical reason},
	year = {1991}}

@book{Aristotle:2000aa,
	address = {Cambridge},
	author = {Aristotle},
	date-added = {2020-05-20 17:15:54 -0700},
	date-modified = {2020-05-20 17:17:05 -0700},
	note = {translated and edited by Roger Crisp},
	publisher = {Cambridge University Press},
	title = {Nicomachean Ethics},
	year = {2000}}

@book{Nagel:1970aa,
	address = {Princeton, NJ},
	author = {Nagel, Thomas},
	date-added = {2020-05-20 17:04:46 -0700},
	date-modified = {2020-05-20 17:05:19 -0700},
	publisher = {Princeton University Press},
	title = {The possibility of altruism},
	year = {1970}}

@book{Jeffrey:1990aa,
	author = {Jeffrey, Richard C},
	date-added = {2020-05-19 17:00:40 -0700},
	date-modified = {2020-05-19 17:00:41 -0700},
	publisher = {University of Chicago Press},
	title = {The logic of decision},
	year = {1990}}

@article{Dreier:2001aa,
	author = {Dreier, James},
	date-added = {2020-05-19 16:36:37 -0700},
	date-modified = {2020-05-19 16:36:38 -0700},
	journal = {Varieties of practical reasoning},
	pages = {27--47},
	publisher = {MIT Press Cambridge, MA},
	title = {Humean doubts about categorical imperatives},
	year = {2001}}

@book{Kant:1948aa,
	author = {Kant, Immanuel},
	date-added = {2020-05-19 16:16:40 -0700},
	date-modified = {2020-05-19 16:18:04 -0700},
	note = {translated by H.\ J.\ Paton under the title \emph{The Moral Law}},
	publisher = {Hutchinson},
	title = {Groundwork of the Metaphysic of Morals},
	year = {1948}}

@article{May:2006aa,
	author = {May, Robert},
	date-added = {2020-04-23 15:11:18 -0700},
	date-modified = {2020-04-23 15:11:19 -0700},
	journal = {The Journal of philosophy},
	number = {3},
	pages = {111--144},
	title = {The invariance of sense},
	volume = {103},
	year = {2006}}

@article{Frege:1948aa,
	author = {Frege, Gottlob},
	date-added = {2020-04-23 11:35:42 -0700},
	date-modified = {2020-04-23 11:35:48 -0700},
	journal = {The philosophical review},
	number = {3},
	pages = {209--230},
	title = {Sense and reference},
	volume = {57},
	year = {1948}}

@book{Richard:1990aa,
	author = {Richard, Mark},
	date-added = {2020-04-23 10:11:16 -0700},
	date-modified = {2020-04-23 10:11:17 -0700},
	publisher = {Cambridge University Press},
	title = {Propositional attitudes: An essay on thoughts and how we ascribe them},
	year = {1990}}

@article{Dietrich:2013ac,
	author = {Dietrich, Franz and List, Christian},
	date-added = {2020-04-21 14:50:24 -0700},
	date-modified = {2020-04-21 14:50:24 -0700},
	journal = {Nous},
	number = {1},
	pages = {104--134},
	publisher = {Wiley Online Library},
	title = {A reason-based theory of rational choice},
	volume = {47},
	year = {2013}}

@article{Ashwell:2013aa,
	author = {Ashwell, Lauren},
	date-added = {2020-04-15 16:09:20 -0700},
	date-modified = {2020-04-15 16:09:21 -0700},
	journal = {Philosophical Studies},
	number = {1},
	pages = {245--256},
	publisher = {Springer},
	title = {Deep, dark{\ldots} or transparent? Knowing our desires},
	volume = {165},
	year = {2013}}

@book{Broome:2013aa,
	author = {Broome, John},
	date-added = {2020-03-18 15:24:07 -0700},
	date-modified = {2020-03-18 15:24:07 -0700},
	publisher = {John Wiley \& Sons},
	title = {Rationality through reasoning},
	year = {2013}}

@article{Lord:2017aa,
	author = {Lord, Errol},
	date-added = {2020-03-18 14:10:32 -0700},
	date-modified = {2020-03-18 14:10:33 -0700},
	journal = {Mind},
	number = {504},
	pages = {1109--1154},
	publisher = {Oxford University Press},
	title = {What you're rationally required to do and what you ought to do (are the same thing!)},
	volume = {126},
	year = {2017}}

@book{Audi:1993aa,
	author = {Audi, Robert},
	date-added = {2020-03-09 12:46:00 -0700},
	date-modified = {2020-03-09 12:46:02 -0700},
	publisher = {Cornell University Press},
	title = {Action, intention, and reason},
	year = {1993}}

@book{Pettigrew:2020aa,
	address = {Oxford},
	author = {Pettigrew, Richard},
	date-added = {2020-03-08 16:27:44 -0700},
	date-modified = {2020-03-08 16:27:52 -0700},
	publisher = {Oxford University Press},
	title = {Choosing for changing selves},
	year = {2020}}

@book{Paul:2014aa,
	address = {Oxford},
	author = {Paul, Laurie Ann},
	date-added = {2020-03-08 16:26:03 -0700},
	date-modified = {2020-03-08 16:26:26 -0700},
	publisher = {Oxford University Press},
	title = {Transformative Experience},
	year = {2014}}

@article{Velleman:1992aa,
	author = {Velleman, James David},
	date-added = {2020-03-04 11:37:07 -0800},
	date-modified = {2020-05-26 18:19:54 -0700},
	journal = {Nous},
	number = {1},
	pages = {3--26},
	publisher = {JSTOR},
	title = {The guise of the good},
	volume = {26},
	year = {1992}}

@phdthesis{Thijsse:1992aa,
	author = {Thijsse, {Elias George Coenraad}},
	date-added = {2020-02-18 15:20:46 -0800},
	date-modified = {2020-02-18 15:20:49 -0800},
	language = {English},
	note = {Pagination: VIII, 253},
	publisher = {Eburon},
	school = {Tilburg University},
	title = {Partial logic and knowledge representation},
	year = {1992}}

@article{Von-Wright:1972aa,
	author = {{von Wright}, Georg Henrik},
	date-added = {2020-02-18 15:10:09 -0800},
	date-modified = {2020-05-21 13:56:37 -0700},
	journal = {Acta sociologica},
	number = {1},
	pages = {39--53},
	publisher = {Sage Publications Sage CA: Thousand Oaks, CA},
	title = {On so-called practical inference},
	volume = {15},
	year = {1972}}

@book{Velleman:2000ab,
	address = {Oxford},
	author = {Velleman, James David},
	date-added = {2020-02-18 15:03:36 -0800},
	date-modified = {2020-05-26 18:20:04 -0700},
	publisher = {Clarendon Press},
	title = {The possibility of practical reason},
	year = {2000}}

@article{Simon:1950aa,
	author = {Simon, Herbert A},
	date-added = {2020-02-18 14:30:09 -0800},
	date-modified = {2020-02-18 14:30:12 -0800},
	journal = {Australian Journal of Public Administration},
	number = {1},
	pages = {241--245},
	publisher = {Wiley Online Library},
	title = {Administrative behaviour},
	volume = {9},
	year = {1950}}

@article{Raz:2005aa,
	author = {Raz, Joseph},
	date-added = {2020-02-18 13:40:05 -0800},
	date-modified = {2020-06-10 12:38:07 -0700},
	journal = {Journal of Ethics \& Social Philosophy},
	publisher = {HeinOnline},
	title = {The Myth of Instrumental Rationality},
	volume = {1},
	year = {2005}}

@incollection{Jaspars:1996aa,
	author = {Jaspars, Jan and Thijsse, Elias},
	booktitle = {Partiality, Modality, and Nonmonotonicity},
	date-added = {2020-01-16 09:57:27 -0800},
	date-modified = {2020-01-16 09:58:52 -0800},
	editor = {Doherty, Patrick},
	pages = {111--141},
	publisher = {CSLI Publications \& FoLLI},
	title = {Fundamentals of partial modal logic},
	year = {1996}}

@article{Morikawa:1988aa,
	author = {Morikawa, Osamu and others},
	date-added = {2020-01-07 00:36:47 -0800},
	date-modified = {2020-01-07 00:36:47 -0800},
	journal = {Notre Dame Journal of Formal Logic},
	number = {1},
	pages = {130--137},
	publisher = {University of Notre Dame},
	title = {Some modal logics based on a three-valued logic.},
	volume = {30},
	year = {1988}}

@phdthesis{Blamey:1980aa,
	author = {Blamey, Stephen},
	date-added = {2020-01-07 00:36:10 -0800},
	date-modified = {2020-01-07 00:36:10 -0800},
	school = {University of Oxford},
	title = {Partial-valued logic},
	year = {1980}}

@incollection{Gargov:1987aa,
	author = {Gargov, George and Passy, Solomon and Tinchev, Tinko},
	booktitle = {Mathematical logic and its applications},
	date-added = {2020-01-07 00:30:29 -0800},
	date-modified = {2020-01-07 00:30:30 -0800},
	pages = {253--263},
	publisher = {Springer},
	title = {Modal environment for Boolean speculations},
	year = {1987}}

@incollection{Blamey:2002aa,
	author = {Blamey, Stephen},
	booktitle = {Handbook of philosophical logic},
	date-added = {2019-12-23 09:04:56 +0000},
	date-modified = {2019-12-23 09:04:58 +0000},
	pages = {261--353},
	publisher = {Springer},
	title = {Partial logic},
	year = {2002}}

@incollection{Aczel:1968aa,
	author = {Aczel, Peter HG},
	booktitle = {Studies in Logic and the Foundations of Mathematics},
	date-added = {2019-12-20 14:39:20 +0000},
	date-modified = {2019-12-20 14:39:21 +0000},
	pages = {1--11},
	publisher = {Elsevier},
	title = {Saturated intuitionistic theories},
	volume = {50},
	year = {1968}}

@article{Thomason:1968aa,
	author = {Thomason, Richmond H},
	date-added = {2019-12-20 14:38:05 +0000},
	date-modified = {2019-12-20 14:38:07 +0000},
	journal = {The Journal of Symbolic Logic},
	number = {1},
	pages = {1--7},
	publisher = {Cambridge University Press},
	title = {On the strong semantical completeness of the intuitionistic predicate calculus},
	volume = {33},
	year = {1968}}

@article{Hoek:1996aa,
	author = {van der Hoek, Wiebe and Jaspars, Jan and Thijsse, Elias},
	date-added = {2019-12-20 14:34:35 +0000},
	date-modified = {2019-12-20 14:34:36 +0000},
	journal = {Studia Logica},
	number = {3},
	pages = {323--360},
	publisher = {Springer},
	title = {Honesty in partial logic},
	volume = {56},
	year = {1996}}

@article{van-Benthem:1979aa,
	author = {{\noopsort{Benthem}}van Benthem, Johan},
	date-added = {2019-12-05 10:15:28 -0800},
	date-modified = {2019-12-05 10:26:14 -0800},
	journal = {Bulletin of the Section of Logic},
	number = {1},
	pages = {36--42},
	title = {Minimal deontic logics},
	volume = {8},
	year = {1979}}

@book{Perry:2001aa,
	author = {Perry, John},
	date-added = {2019-10-09 19:11:00 -0700},
	date-modified = {2019-10-09 19:11:01 -0700},
	publisher = {CSLI Stanford CA},
	title = {Reference and reflexivity},
	year = {2001}}

@article{Humberstone:2000aa,
	author = {Humberstone, Lloyd},
	date-added = {2019-10-09 18:36:08 -0700},
	date-modified = {2019-10-09 18:36:08 -0700},
	journal = {Dialectica},
	number = {1},
	pages = {3--28},
	publisher = {Wiley Online Library},
	title = {What Fa says about a},
	volume = {54},
	year = {2000}}

@article{Humberstone:2013aa,
	author = {Humberstone, Lloyd},
	date-added = {2019-10-09 18:28:22 -0700},
	date-modified = {2019-10-09 18:28:22 -0700},
	journal = {Studia Logica},
	number = {5},
	pages = {1031--1060},
	publisher = {Springer},
	title = {Inverse Images of Box Formulas in Modal Logic},
	volume = {101},
	year = {2013}}

@inproceedings{Railton:2012aa,
	author = {Railton, Peter},
	booktitle = {Proceedings and Addresses of the American Philosophical Association},
	date-added = {2019-05-26 14:24:14 -0700},
	date-modified = {2019-05-26 14:24:15 -0700},
	number = {2},
	organization = {JSTOR},
	pages = {22--46},
	title = {That obscure object, desire},
	volume = {86},
	year = {2012}}

@article{Rawls:1955aa,
	author = {Rawls, John},
	date-added = {2019-05-25 14:57:36 -0700},
	date-modified = {2019-05-25 14:57:37 -0700},
	journal = {The philosophical review},
	number = {1},
	pages = {3--32},
	title = {Two concepts of rules},
	volume = {64},
	year = {1955}}

@article{Bramble:2018aa,
	author = {Bramble, Ben},
	date-added = {2019-05-23 08:18:33 -0700},
	date-modified = {2019-05-23 08:18:35 -0700},
	journal = {Oxford Studies in Normative Ethics},
	pages = {258},
	publisher = {Oxford University Press},
	title = {Evaluative Beliefs First},
	volume = {8},
	year = {2018}}

@article{Perry:1986aa,
	author = {Perry, John},
	date-added = {2019-04-25 13:02:27 -0700},
	date-modified = {2019-04-25 13:04:13 -0700},
	journal = {Supplementary Proceedings of the Aristotelian Aociety},
	pages = {137--152},
	title = {Thought Without Representation},
	volume = {60},
	year = {1986}}

@book{Al-Ghazali:1963aa,
	address = {Lahore},
	author = {Al-Ghazali},
	date-added = {2019-04-23 16:36:24 -0700},
	date-modified = {2019-04-23 16:37:35 -0700},
	publisher = {Pakistan Philosophical Congress},
	title = {Tahafut Al-Falasifah},
	translator = {Kamali, Sabih Ahmad},
	year = {1963}}

@book{Averroes:1954aa,
	address = {London},
	author = {Averroes},
	date-added = {2019-04-23 16:29:47 -0700},
	date-modified = {2019-04-23 16:34:14 -0700},
	publisher = {EJW Gibb Memorial Trust},
	title = {Tahafut al Tahafut: The Incoherence of the Incoherence},
	translator = {van den Bergh, Simon},
	year = {1954}}

@article{Mackie:1965aa,
	author = {Mackie, John L},
	date-added = {2019-04-21 12:30:45 -0700},
	date-modified = {2019-04-21 12:30:46 -0700},
	journal = {American philosophical quarterly},
	number = {4},
	pages = {245--264},
	publisher = {JSTOR},
	title = {Causes and conditions},
	volume = {2},
	year = {1965}}

@book{Ryle:1949aa,
	address = {London},
	author = {Ryle, Gilbert},
	date-added = {2019-04-12 18:29:46 -0700},
	date-modified = {2019-04-12 18:30:41 -0700},
	publisher = {Hutchinson Publishers},
	title = {The concept of mind},
	year = {1949}}

@book{Stalnaker:1984aa,
	address = {Cambridge, MA},
	author = {Stalnaker, Robert C},
	date-added = {2019-04-12 18:05:27 -0700},
	date-modified = {2019-04-12 18:09:11 -0700},
	publisher = {MIT Press},
	title = {Inquiry},
	year = {1984}}

@book{Schroeder:2004aa,
	author = {Schroeder, Timothy},
	date-added = {2019-04-12 08:07:00 -0700},
	date-modified = {2019-04-12 08:07:01 -0700},
	publisher = {Oxford University Press},
	title = {Three faces of desire},
	year = {2004}}

@article{Perry:1997aa,
	author = {Perry, John},
	date-added = {2019-04-10 18:09:01 -0700},
	date-modified = {2019-04-10 18:09:01 -0700},
	journal = {European Review of Philosophy},
	pages = {13--40},
	publisher = {Citeseer},
	title = {Rip van Winkle and other characters},
	volume = {2},
	year = {1997}}

@incollection{Smith:1988aa,
	author = {Smith, Brian Cantwell},
	booktitle = {Aspects of Artificial Intelligence},
	date-added = {2019-03-10 17:42:15 -0700},
	date-modified = {2019-03-10 17:42:16 -0700},
	pages = {3--31},
	publisher = {Springer},
	title = {The semantics of clocks},
	year = {1988}}

@book{Reid:1815aa,
	address = {Charlestown},
	author = {Reid, Thomas},
	date-added = {2019-02-27 15:46:24 -0800},
	date-modified = {2019-02-27 15:48:54 -0800},
	editor = {Stewart, Dugald},
	publisher = {Samuel Etheridge, Jun'r},
	title = {The Works of Thomas Reid},
	volume = {IV},
	year = {1815}}

@book{Montaigne:1965aa,
	addendum = {Translated by John Florio},
	address = {London: Dent},
	author = {Montaigne, Michel de},
	date-added = {2019-02-27 15:26:14 -0800},
	date-modified = {2019-02-27 15:40:28 -0800},
	publisher = {Everyman's Library},
	title = {Essais II 14},
	year = {1965}}

@article{Johnston:1989aa,
	author = {Johnston, Mark},
	date-added = {2019-02-27 12:46:49 -0800},
	date-modified = {2019-02-27 12:48:14 -0800},
	journal = {Proceedings of the Aristotelian Society},
	number = {1},
	pages = {139--174},
	title = {Dispositional theories of value},
	volume = {supplementary volume 63},
	year = {1989}}

@article{Pettit:1990aa,
	author = {Pettit, Philip and Smith, Michael},
	date-added = {2019-02-27 11:00:02 -0800},
	date-modified = {2019-02-27 11:00:03 -0800},
	journal = {The Philosophical Review},
	number = {4},
	pages = {565--592},
	title = {Backgrounding desire},
	volume = {99},
	year = {1990}}

@article{Frankfurt:1971aa,
	author = {Frankfurt, Harry},
	date-added = {2019-02-26 20:11:54 -0800},
	date-modified = {2019-02-26 20:30:55 -0800},
	journal = {The Journal of Philosophy},
	number = {1},
	pages = {5--20},
	title = {Freedom of the Will and the Concept of a Person},
	volume = {68},
	year = {1971}}

@misc{Newson:2015aa,
	author = {Newson, Joanna},
	date-added = {2019-02-26 18:08:59 -0800},
	date-modified = {2019-02-26 18:16:54 -0800},
	howpublished = {CD},
	publisher = {Drag City},
	title = {Divers},
	year = {2015}}

@book{Schueler:1995aa,
	author = {Schueler, George F},
	date-added = {2019-02-26 17:40:08 -0800},
	date-modified = {2019-02-26 17:40:09 -0800},
	publisher = {MIT Press},
	title = {Desire: Its Role in Practical Reason and the Explanation of Action},
	year = {1995}}

@book{Sinhababu:2017aa,
	author = {Sinhababu, Neil},
	date-added = {2019-02-26 17:07:46 -0800},
	date-modified = {2019-02-26 17:07:47 -0800},
	publisher = {Oxford University Press},
	title = {Humean Nature: How Desire Explains Action, Thought, and Feeling},
	year = {2017}}

@incollection{Velleman:2007aa,
	author = {Velleman, J David},
	booktitle = {Rational and Social Agency: The Philosophy of Michael Bratman},
	date-added = {2019-02-26 17:05:46 -0800},
	date-modified = {2019-02-26 17:06:23 -0800},
	editor = {Vargas, Manuel and Yaffe, Gideon},
	pages = {83--105},
	publisher = {Oxford University Press},
	title = {What good is a will?},
	year = {2007}}

@article{Nottelmann:2011aa,
	author = {Nottelmann, Nikolaj},
	date-added = {2019-02-26 17:04:41 -0800},
	date-modified = {2019-02-26 17:04:41 -0800},
	journal = {Philosophy Compass},
	number = {12},
	pages = {912--921},
	publisher = {Wiley Online Library},
	title = {Belief-Desire Explanation},
	volume = {6},
	year = {2011}}

@article{Schroeder:2006aa,
	author = {Schroeder, Tim},
	date-added = {2019-02-26 17:03:30 -0800},
	date-modified = {2019-02-26 17:03:31 -0800},
	journal = {Philosophy Compass},
	number = {6},
	pages = {631--639},
	publisher = {Wiley Online Library},
	title = {Desire},
	volume = {1},
	year = {2006}}

@article{Schapiro:2014aa,
	author = {Schapiro, Tamar},
	date-added = {2019-02-26 17:02:59 -0800},
	date-modified = {2019-02-26 17:03:00 -0800},
	journal = {Analytic Philosophy},
	number = {2},
	pages = {131--150},
	title = {What Are Theories of Desire Theories Of?},
	volume = {55},
	year = {2014}}

@incollection{Schroeder:2017aa,
	author = {Schroeder, Tim},
	booktitle = {The Stanford Encyclopedia of Philosophy},
	date-added = {2019-02-26 17:00:47 -0800},
	date-modified = {2019-02-26 17:00:48 -0800},
	edition = {Summer 2017},
	editor = {Edward N. Zalta},
	howpublished = {\url{https://plato.stanford.edu/archives/sum2017/entries/desire/}},
	publisher = {Metaphysics Research Lab, Stanford University},
	title = {Desire},
	year = {2017}}

@article{Chislenko:2016aa,
	author = {Chislenko, Eugene},
	date-added = {2019-02-26 16:59:00 -0800},
	date-modified = {2019-02-26 16:59:13 -0800},
	journal = {Ethics},
	number = {2},
	pages = {283--310},
	publisher = {University of Chicago Press Chicago, IL},
	title = {A Solution for Buridan's Ass},
	volume = {126},
	year = {2016}}

@article{Rescher:1960aa,
	author = {Rescher, Nicholas},
	date-added = {2019-02-26 16:58:06 -0800},
	date-modified = {2019-02-26 16:58:28 -0800},
	journal = {Kant-Studien},
	number = {1-4},
	pages = {142--175},
	publisher = {Walter de Gruyter, Berlin/New York},
	title = {Choice Without Preference: A Study of the History and of the Logic of the Problem of ``Buridan's Ass''},
	volume = {51},
	year = {1960}}

@book{Perry:1993aa,
	author = {Perry, John},
	date-added = {2019-02-26 16:57:23 -0800},
	date-modified = {2019-02-26 16:57:42 -0800},
	publisher = {Oxford University Press on Demand},
	title = {The Problem of the Essential Indexical: And Other Essays},
	year = {1993}}

@book{Schroeder:2007aa,
	author = {Schroeder, Mark},
	date-added = {2019-02-26 16:56:22 -0800},
	date-modified = {2019-02-26 16:56:24 -0800},
	publisher = {Oxford University Press},
	title = {Slaves of the Passions},
	year = {2007}}

@article{Bratman:1981aa,
	author = {Bratman, Michael Edward},
	date-added = {2019-02-26 16:55:11 -0800},
	date-modified = {2019-02-27 15:07:01 -0800},
	journal = {The Philosophical Review},
	number = {2},
	pages = {252--265},
	title = {Intention and Means-end Reasoning},
	volume = {90},
	year = {1981}}

@article{Bratman:2003aa,
	author = {Bratman, Michael Edward},
	date-added = {2019-02-26 16:52:36 -0800},
	date-modified = {2019-02-27 15:07:13 -0800},
	journal = {The Journal of Philosophy},
	number = {5},
	pages = {221--242},
	title = {A Desire of One's Own},
	volume = {100},
	year = {2003}}

@incollection{Smith:2004aa,
	author = {Smith, Michael},
	booktitle = {The Oxford Handbook of Rationality},
	date-added = {2019-02-26 16:48:04 -0800},
	date-modified = {2019-02-26 16:51:42 -0800},
	editor = {Mele, Alfred R. and Rawling, Piers},
	pages = {75--92},
	publisher = {Oxford University Press Oxford},
	title = {Humean Rationality},
	year = {2004}}

@book{Kaplan:1989aa,
	date-added = {2019-02-26 16:20:57 -0800},
	date-modified = {2019-02-26 16:20:57 -0800},
	editor = {Almog, Joseph and Perry, John and Wettstein, Howard},
	publisher = {Oxford University Press},
	title = {Themes from Kaplan},
	year = {1989}}

@article{McDaniel:2008aa,
	author = {McDaniel, Kris and Bradley, Ben},
	date-added = {2019-02-26 16:19:30 -0800},
	date-modified = {2019-02-26 16:19:30 -0800},
	journal = {Mind},
	number = {466},
	pages = {267--302},
	publisher = {Oxford University Press},
	title = {Desires},
	volume = {117},
	year = {2008}}

@incollection{Kaplan:1989ab,
	author = {Kaplan, David},
	booktitle = {Themes from Kaplan},
	date-added = {2019-02-26 16:19:19 -0800},
	date-modified = {2019-02-26 16:25:39 -0800},
	editor = {Almog, Joseph and Perry, John and Wettstein, Howard},
	pages = {481--564},
	publisher = {Oxford University Press},
	title = {Demonstratives: An Essay on the Semantics, Logic, Metaphysics, and Epistemology of Demonstratives and Other Indexicals},
	year = {1989}}

@article{Lewis:1974aa,
	author = {Lewis, David Kellog},
	date-added = {2019-02-22 15:29:33 -0800},
	date-modified = {2019-12-23 09:06:02 +0000},
	journal = {Synthese},
	number = {3},
	pages = {331--344},
	publisher = {Springer},
	title = {Radical interpretation},
	volume = {27},
	year = {1974}}

@incollection{Lewis:1999ab,
	address = {Cambridge},
	author = {Lewis, David Kellog},
	booktitle = {Papers in metaphysics and epistemology},
	date-added = {2019-02-15 14:04:09 -0800},
	date-modified = {2019-02-15 14:05:42 -0800},
	pages = {291--234},
	publisher = {Cambridge University Press},
	title = {Reduction of Mind},
	volume = {2},
	year = {1999}}

@book{Lewis:1999aa,
	author = {Lewis, David Kellog},
	date-added = {2019-02-15 14:04:08 -0800},
	date-modified = {2019-02-15 14:05:48 -0800},
	publisher = {Cambridge University Press},
	title = {Papers in metaphysics and epistemology},
	volume = {2},
	year = {1999}}

@article{Lewis:1979aa,
	author = {Lewis, David Kellog},
	date-added = {2019-02-15 14:02:39 -0800},
	date-modified = {2022-09-28 12:22:53 -0700},
	journal = {The philosophical review},
	number = {4},
	pages = {513--543},
	title = {Attitudes de dicto and de se},
	volume = {88},
	year = {1979}}

@article{Dunaway:2014aa,
	author = {Dunaway, Billy and Silk, Alex},
	date-added = {2019-02-05 15:27:32 -0800},
	date-modified = {2019-02-05 15:27:33 -0800},
	journal = {Philosophical Perspectives},
	number = {1},
	pages = {75--94},
	publisher = {Wiley Online Library},
	title = {Whither anankastics?},
	volume = {28},
	year = {2014}}

@article{Charlow:2013aa,
	author = {Charlow, Nate},
	date-added = {2019-02-04 08:51:06 -0800},
	date-modified = {2019-02-04 08:51:08 -0800},
	journal = {Linguistics and Philosophy},
	number = {6},
	pages = {463--511},
	publisher = {Springer},
	title = {Conditional preferences and practical conditionals},
	volume = {36},
	year = {2013}}

@incollection{Broome:2002aa,
	address = {Oxford},
	author = {Broome, John},
	booktitle = {Reason and nature: Essays in the theory of rationality},
	date-added = {2019-01-29 10:29:27 -0800},
	date-modified = {2020-06-04 10:31:33 -0700},
	editor = {Millar, Alan and Berm{\'u}dez, Jos{\'e} Luis},
	pages = {85--111},
	publisher = {Oxford University Press},
	title = {Practical reasoning},
	year = {2002}}

@article{Weirich:1980aa,
	author = {Weirich, Paul},
	date-added = {2019-01-29 09:23:56 -0800},
	date-modified = {2019-01-29 09:23:56 -0800},
	journal = {The Journal of Philosophy},
	number = {11},
	pages = {702--715},
	title = {Conditional utility and its place in decision theory},
	volume = {77},
	year = {1980}}

@article{Sobel:1983aa,
	author = {Sobel, Jordan Howard},
	date-added = {2019-01-29 09:23:48 -0800},
	date-modified = {2019-01-29 09:23:48 -0800},
	journal = {Theoria},
	number = {3},
	pages = {159--183},
	publisher = {Wiley Online Library},
	title = {Expected utilities and rational actions and choices},
	volume = {49},
	year = {1983}}

@incollection{Kratzer:1991aa,
	address = {Berlin},
	author = {Kratzer, Angelika},
	booktitle = {Semantics: An International Handbook of Contemporary Research},
	date-added = {2018-10-23 18:47:16 -0700},
	date-modified = {2018-10-23 18:48:24 -0700},
	editor = {von Stechow, A and Wunderlich, D},
	pages = {639--65},
	publisher = {de Gruyter},
	title = {Modality},
	year = {1991}}

@article{Kratzer:1977aa,
	author = {Kratzer, Angelika},
	date-added = {2018-10-23 17:48:04 -0700},
	date-modified = {2022-08-23 18:12:41 -0700},
	journal = {Linguistics and Philosophy},
	number = {3},
	pages = {337--356},
	publisher = {Springer},
	title = {What `Must' and `Can' Must and Can Mean},
	volume = {1},
	year = {1977}}

@article{Lewis:1981aa,
	author = {Lewis, David Kellog},
	date-added = {2018-10-23 17:47:04 -0700},
	date-modified = {2022-09-28 12:22:57 -0700},
	journal = {Journal of Philosophical Logic},
	number = {2},
	pages = {217--234},
	title = {Ordering Semantics and Premise Semantics for Conditionals},
	volume = {10},
	year = {1981}}

@incollection{Davidson:1969aa,
	address = {Oxford},
	author = {Davidson, Donald},
	booktitle = {Essays on actions and events: Philosophical essays},
	date-added = {2018-09-24 08:34:41 -0700},
	date-modified = {2018-09-24 08:38:06 -0700},
	pages = {21--43},
	publisher = {Oxford University Press},
	title = {How is Weakness of the Will Possible?},
	year = {1969}}

@book{Davidson:2001aa,
	address = {Oxford},
	author = {Davidson, Donald},
	date-added = {2018-09-22 12:40:55 -0700},
	date-modified = {2018-09-22 12:41:54 -0700},
	publisher = {Oxford University Press},
	title = {Essays on actions and events: Philosophical essays},
	year = {2001}}

@book{Moore:1903aa,
	address = {Cambridge},
	author = {Moore, George Edward},
	date-added = {2018-09-20 12:21:15 -0700},
	date-modified = {2018-09-20 12:21:55 -0700},
	publisher = {Cambridge University Press},
	title = {Principia Ethica},
	year = {1903}}

@book{Kierkegaard:2013aa,
	author = {Kierkegaard, S{\o}ren},
	date-added = {2018-09-19 15:38:03 -0700},
	date-modified = {2018-09-20 10:49:31 -0700},
	editor = {Hong, Howard V. and Hong, Edna H.},
	publisher = {Princeton University Press},
	title = {Kierkegaard's Writings, VI, Volume 6: Fear and Trembling/Repetition},
	translator = {Hong, Howard V and Hong, Edna H},
	volume = {6},
	year = {2013}}

@incollection{Sartre:1956aa,
	address = {New York},
	author = {Sartre, Jean-Paul},
	booktitle = {Existentialism from Dostoevsky to Sartre},
	date-added = {2018-09-19 15:32:03 -0700},
	date-modified = {2018-09-19 15:34:51 -0700},
	editor = {Kaufmann, Walter},
	pages = {287--311},
	publisher = {Meridian Books, Inc.},
	title = {Existentialism Is a Humanism},
	year = {1956}}

@inbook{Bratman:2007ac,
	address = {Oxford},
	author = {Bratman, Michael Edward},
	booktitle = {Structures of Agency: Essays},
	date-added = {2018-09-19 15:25:45 -0700},
	date-modified = {2018-09-20 09:14:35 -0700},
	pages = {162--186},
	publisher = {Oxford University Press},
	title = {Autonomy and Hierarchy},
	year = {2007}}

@incollection{Austin:1961aa,
	address = {Oxford},
	author = {Austin, John Langshaw},
	booktitle = {Philosophical Papers},
	date-added = {2018-09-18 18:30:09 -0700},
	date-modified = {2018-09-20 09:12:25 -0700},
	editor = {Urmson, J. O. and Warnock, G. J.},
	publisher = {Oxford University Press},
	title = {A Plea for Excuses},
	year = {1961}}

@article{Meringer:1900aa,
	author = {Meringer, Rudolf},
	date-added = {2018-09-18 10:26:49 -0700},
	date-modified = {2018-09-18 10:27:04 -0700},
	journal = {Neue Freie Presse},
	pages = {279--86},
	title = {Wie man sich versprechen kann},
	year = {1900}}

@article{Mothersill:1962aa,
	author = {Mothersill, Mary},
	date-added = {2018-09-16 15:45:46 -0700},
	date-modified = {2018-09-16 15:45:47 -0700},
	journal = {The Philosophical Review},
	number = {4},
	pages = {448--461},
	publisher = {JSTOR},
	title = {Anscombe's account of the practical syllogism},
	volume = {71},
	year = {1962}}

@book{Broadie:2002aa,
	address = {Oxford},
	author = {Broadie, Sarah and Rowe, Christopher James},
	date-added = {2018-09-16 14:26:41 -0700},
	date-modified = {2018-09-20 09:15:47 -0700},
	publisher = {Oxford University Press},
	shorthand = {Aristotle},
	title = {Aristotle, Nicomachean Ethics, translation, introduction, and commentary},
	year = {2002}}

@article{Carlson:1984aa,
	author = {Carlson, Greg Norman},
	date-added = {2018-09-15 11:29:34 -0700},
	date-modified = {2018-09-20 09:57:43 -0700},
	journal = {Linguistics},
	number = {3},
	pages = {259--279},
	publisher = {Walter de Gruyter, Berlin/New York},
	title = {Thematic roles and their role in semantic interpretation},
	volume = {22},
	year = {1984}}

@book{Parsons:1990aa,
	address = {Cambridge, MA},
	author = {Parsons, Terence},
	date-added = {2018-09-15 11:28:01 -0700},
	date-modified = {2022-08-22 17:21:05 -0700},
	publisher = {MIT Press},
	title = {Events in the semantics of English: A study in subatomic semantics},
	year = {1990}}

@incollection{Davidson:1967ab,
	author = {Davidson, Donald},
	booktitle = {The Logic of Decision and Action},
	date-added = {2018-09-15 11:15:16 -0700},
	date-modified = {2022-10-06 13:38:21 -0700},
	editor = {Nicholas Rescher},
	pages = {115--120},
	publisher = {University of Pittsburgh Press},
	title = {Reply to Comments},
	year = {1967}}

@incollection{Davidson:1967aa,
	author = {Davidson, Donald},
	booktitle = {The Logic of Decision and Action},
	date-added = {2018-09-15 11:15:12 -0700},
	date-modified = {2022-10-06 13:38:13 -0700},
	editor = {Nicholas Rescher},
	pages = {81--96},
	publisher = {University of Pittsburgh Press},
	title = {The Logical Form of Action Sentences},
	year = {1967}}

@book{Lewis:1969aa,
	author = {Lewis, David Kellog},
	date-added = {2018-09-12 14:47:27 -0700},
	date-modified = {2022-09-28 12:25:25 -0700},
	publisher = {Harvard University Press},
	title = {Convention: a philosophical study},
	year = {1969}}

@article{Gettier:1963aa,
	author = {Gettier, Edmund L},
	date-added = {2018-09-12 14:43:22 -0700},
	date-modified = {2018-09-12 14:43:23 -0700},
	journal = {analysis},
	number = {6},
	pages = {121--123},
	publisher = {JSTOR},
	title = {Is justified true belief knowledge?},
	volume = {23},
	year = {1963}}

@article{Broome:2001aa,
	author = {Broome, John},
	date-added = {2018-09-11 17:38:12 -0700},
	date-modified = {2018-09-19 15:43:10 -0700},
	journal = {Practical rationality and preference: Essays for David Gauthier},
	pages = {98--120},
	publisher = {Cambridge University Press Cambridge},
	title = {Are Intentions Reasons? And How Should We Cope with Incommensurable Values?},
	year = {2001}}

@article{Bratman:1979aa,
	author = {Bratman, Michael Edward},
	date-added = {2018-09-11 15:10:30 -0700},
	date-modified = {2018-09-20 09:15:06 -0700},
	journal = {Nous},
	pages = {153--171},
	publisher = {JSTOR},
	title = {Practical reasoning and weakness of the will},
	year = {1979}}

@article{Friston:2015aa,
	author = {Friston, Karl and Rigoli, Francesco and Ognibene, Dimitri and Mathys, Christoph and Fitzgerald, Thomas and Pezzulo, Giovanni},
	date-added = {2018-08-27 14:38:18 -0700},
	date-modified = {2018-08-27 14:38:19 -0700},
	journal = {Cognitive neuroscience},
	number = {4},
	pages = {187--214},
	publisher = {Taylor \& Francis},
	title = {Active inference and epistemic value},
	volume = {6},
	year = {2015}}

@article{Gershman:2012aa,
	author = {Gershman, Samuel J and Daw, Nathaniel D},
	date-added = {2018-08-27 14:35:38 -0700},
	date-modified = {2018-08-27 14:35:40 -0700},
	journal = {Principles of brain dynamics: Global state interactions},
	pages = {293--312},
	title = {Perception, action and utility: The tangled skein},
	year = {2012}}

@incollection{Pacuit:2015aa,
	author = {Pacuit, Eric},
	booktitle = {Models of Strategic Reasoning},
	date-added = {2018-08-27 14:29:03 -0700},
	date-modified = {2018-08-27 14:29:04 -0700},
	pages = {3--33},
	publisher = {Springer},
	title = {Dynamic models of rational deliberation in games},
	year = {2015}}

@book{Skyrms:1990aa,
	author = {Skyrms, Brian},
	date-added = {2018-08-27 14:28:35 -0700},
	date-modified = {2018-08-27 14:28:36 -0700},
	publisher = {Harvard University Press},
	title = {The dynamics of rational deliberation},
	year = {1990}}

@book{Gerd-Gigerenzer:2002aa,
	author = {Gigerenzer, Gerd and Selten, Reinhard},
	date-added = {2018-08-27 13:46:22 -0700},
	date-modified = {2018-08-27 13:46:48 -0700},
	publisher = {MIT Press},
	series = {Dahlem Workshop Reports},
	title = {Bounded rationality: the adaptive toolbox},
	year = {2002}}

@incollection{Easwaran:2018aa,
	author = {Easwaran, Kenny and Stern, Reuben},
	booktitle = {Self Control and Rationality: Interdisciplinary Essays},
	date-added = {2018-08-26 15:00:38 -0700},
	date-modified = {2018-08-26 15:02:59 -0700},
	editor = {Bermudez, J.},
	publisher = {Cambridge University Press},
	title = {The Many Ways to Achieve Diachronic Unity},
	year = {forthcoming}}

@article{Yaffe:2004aa,
	author = {Yaffe, Gideon},
	date-added = {2018-08-25 14:29:08 -0700},
	date-modified = {2018-08-25 14:29:08 -0700},
	journal = {Philosophical Topics},
	number = {1/2},
	pages = {505--532},
	publisher = {JSTOR},
	title = {Trying, intending, and attempted crimes},
	volume = {32},
	year = {2004}}

@article{Helm:2001aa,
	author = {Helm, Bennett W},
	date-added = {2018-08-16 00:48:40 +0300},
	date-modified = {2018-08-16 00:48:41 +0300},
	journal = {No{\^u}s},
	number = {2},
	pages = {190--213},
	publisher = {Wiley Online Library},
	title = {Emotions and practical reason: Rethinking evaluation and motivation},
	volume = {35},
	year = {2001}}

@book{Damielson:2004aa,
	author = {Damielson, Peter and Audi, Robert and Bicchieri, Cristina and others},
	date-added = {2018-08-16 00:48:19 +0300},
	date-modified = {2018-09-22 12:40:23 -0700},
	publisher = {Oxford University Press on Demand},
	title = {The Oxford handbook of rationality},
	year = {2004}}

@article{Rachels:2009aa,
	author = {Rachels, Stuart},
	date-added = {2018-08-16 00:48:03 +0300},
	date-modified = {2018-08-16 00:48:03 +0300},
	journal = {Utilitas},
	number = {4},
	pages = {506--520},
	publisher = {Cambridge University Press},
	title = {On Three Alleged Theories of Rational Behavior},
	volume = {21},
	year = {2009}}

@article{Kennett:1996aa,
	author = {Kennett, Jeanette and Smith, Michael},
	date-added = {2018-08-16 00:47:48 +0300},
	date-modified = {2018-08-16 00:47:48 +0300},
	journal = {Analysis},
	number = {2},
	pages = {63--73},
	publisher = {Wiley Online Library},
	title = {Frog and toad lose control},
	volume = {56},
	year = {1996}}

@article{Smith:1987aa,
	author = {Smith, Michael},
	date-added = {2018-08-16 00:47:26 +0300},
	date-modified = {2018-08-16 00:47:27 +0300},
	journal = {Mind},
	number = {381},
	pages = {36--61},
	publisher = {JSTOR},
	title = {The Humean theory of motivation},
	volume = {96},
	year = {1987}}

@article{Castenada:1975aa,
	author = {Caste{\~n}ada, HN},
	date-added = {2018-08-16 00:46:33 +0300},
	date-modified = {2018-08-16 00:46:33 +0300},
	journal = {Reidel, Dordrecht, Holland},
	title = {Thinking and Doing},
	year = {1975}}

@book{Rubinstein:1998aa,
	author = {Rubinstein, Ariel},
	date-added = {2018-08-16 00:45:48 +0300},
	date-modified = {2018-08-16 00:45:48 +0300},
	publisher = {MIT press},
	title = {Modeling bounded rationality},
	year = {1998}}

@article{Conlisk:1996aa,
	author = {Conlisk, John},
	date-added = {2018-08-16 00:45:02 +0300},
	date-modified = {2018-08-16 00:45:03 +0300},
	journal = {Journal of economic literature},
	number = {2},
	pages = {669--700},
	publisher = {JSTOR},
	title = {Why bounded rationality?},
	volume = {34},
	year = {1996}}

@article{Audi:1986aa,
	author = {Audi, Robert},
	date-added = {2018-08-16 00:44:36 +0300},
	date-modified = {2022-10-06 13:35:33 -0700},
	journal = {The Philosophical Review},
	number = {4},
	pages = {511--546},
	title = {Acting for reasons},
	volume = {95},
	year = {1986}}

@book{Gensler:2002aa,
	author = {Gensler, Harry J},
	date-added = {2018-08-16 00:44:08 +0300},
	date-modified = {2018-08-16 00:44:08 +0300},
	publisher = {Routledge},
	title = {Formal ethics},
	year = {2002}}

@inproceedings{Kolodny:2007aa,
	author = {Kolodny, Niko},
	booktitle = {Proceedings of the Aristotelian Society},
	date-added = {2018-08-16 00:43:38 +0300},
	date-modified = {2018-08-16 00:43:46 +0300},
	number = {1pt3},
	organization = {Wiley Online Library},
	pages = {229--263},
	title = {How Does Coherence Matter?},
	volume = {107},
	year = {2007}}

@article{Kolodny:2008aa,
	author = {Kolodny, Niko},
	date-added = {2018-08-16 00:43:25 +0300},
	date-modified = {2018-08-16 00:43:26 +0300},
	journal = {European Journal of Philosophy},
	number = {3},
	pages = {366--402},
	publisher = {Wiley Online Library},
	title = {The myth of practical consistency},
	volume = {16},
	year = {2008}}

@phdthesis{Icard:2014ab,
	author = {Icard, Thomas F},
	date-added = {2018-08-16 00:41:55 +0300},
	date-modified = {2018-08-16 00:42:18 +0300},
	school = {Stanford University},
	title = {The Algorithmic Mind},
	year = {2014}}

@inproceedings{Icard:2014aa,
	author = {Icard, Thomas F},
	booktitle = {Proceedings of the Annual Meeting of the Cognitive Science Society},
	date-added = {2018-08-16 00:41:35 +0300},
	date-modified = {2018-08-16 00:42:27 +0300},
	number = {36},
	title = {Toward boundedly rational analysis},
	volume = {36},
	year = {2014}}

@article{Barrett:2017aa,
	author = {Barrett, Jeffrey A and Skyrms, Brian},
	date-added = {2018-08-16 00:41:14 +0300},
	date-modified = {2018-08-16 00:41:14 +0300},
	journal = {The British Journal for the Philosophy of Science},
	number = {2},
	pages = {329--353},
	publisher = {Oxford University Press},
	title = {Self-assembling games},
	volume = {68},
	year = {2017}}

@book{Brandt:2016aa,
	author = {Brandt, Felix and Conitzer, Vincent and Endriss, Ulle and Lang, J{\'e}r{\^o}me and Procaccia, Ariel D},
	date-added = {2018-08-16 00:40:56 +0300},
	date-modified = {2018-08-16 00:40:56 +0300},
	publisher = {Cambridge University Press},
	title = {Handbook of computational social choice},
	year = {2016}}

@inproceedings{Dietrich:2013ab,
	author = {Dietrich, Franz and List, Christian and others},
	booktitle = {International Conference on Logic Across the University: Foundations and Applications},
	date-added = {2018-08-16 00:40:38 +0300},
	date-modified = {2018-08-16 00:40:38 +0300},
	pages = {6},
	title = {A response to Baltag, Girard, and White},
	year = {2013}}

@article{Dietrich:2013aa,
	author = {Dietrich, Franz and List, Christian},
	date-added = {2018-08-16 00:40:23 +0300},
	date-modified = {2018-08-16 00:40:23 +0300},
	journal = {International Journal of Game Theory},
	number = {3},
	pages = {613--637},
	publisher = {Springer},
	title = {Where do preferences come from?},
	volume = {42},
	year = {2013}}

@article{Dietrich:2017aa,
	author = {Dietrich, Franz and List, Christian},
	date-added = {2018-08-16 00:39:54 +0300},
	date-modified = {2018-08-16 00:39:54 +0300},
	journal = {Philosophical Review},
	number = {4},
	pages = {421--479},
	publisher = {Duke University Press Durham, NC},
	title = {What matters and how it matters: A choice-theoretic representation of moral theories},
	volume = {126},
	year = {2017}}

@unpublished{Dietrich:aa,
	author = {Dietrich, Franz and Staras, Antonios and Sugden, Robert},
	date-added = {2018-08-16 00:38:46 +0300},
	date-modified = {2018-08-16 00:39:33 +0300},
	title = {A Broomean model of rationality and reasoning}}

@article{Schlosser:2012aa,
	author = {Schlosser, Markus E},
	date-added = {2018-08-16 00:38:26 +0300},
	date-modified = {2018-08-16 00:38:26 +0300},
	journal = {Philosophical Papers},
	number = {2},
	pages = {267--304},
	publisher = {Taylor \& Francis},
	title = {Taking something as a reason for action},
	volume = {41},
	year = {2012}}

@article{Miller:2008aa,
	author = {Miller, Christian},
	date-added = {2018-08-16 00:38:03 +0300},
	date-modified = {2018-08-16 00:38:03 +0300},
	journal = {No{\^u}s},
	number = {2},
	pages = {222--266},
	publisher = {Wiley Online Library},
	title = {Motivation in agents},
	volume = {42},
	year = {2008}}

@article{Kahneman:2003aa,
	author = {Kahneman, Daniel},
	date-added = {2018-08-16 00:37:34 +0300},
	date-modified = {2018-08-16 00:37:35 +0300},
	journal = {American economic review},
	number = {5},
	pages = {1449--1475},
	title = {Maps of bounded rationality: Psychology for behavioral economics},
	volume = {93},
	year = {2003}}

@book{Lorkowski:2018aa,
	author = {Lorkowski, Joe and Kreinovich, Vladik},
	date-added = {2018-08-16 00:37:15 +0300},
	date-modified = {2018-08-16 00:37:16 +0300},
	publisher = {Springer},
	title = {Bounded rationality in decision making under uncertainty: Towards optimal granularity},
	year = {2018}}

@article{Selten:1990aa,
	author = {Selten, Reinhard},
	date-added = {2018-08-16 00:36:12 +0300},
	date-modified = {2018-08-16 00:36:13 +0300},
	journal = {Journal of Institutional and Theoretical Economics (JITE)/Zeitschrift f{\"u}r die gesamte Staatswissenschaft},
	number = {4},
	pages = {649--658},
	publisher = {JSTOR},
	title = {Bounded rationality},
	volume = {146},
	year = {1990}}

@book{Gigerenzer:2002aa,
	author = {Gigerenzer, Gerd and Selten, Reinhard},
	date-added = {2018-08-16 00:35:52 +0300},
	date-modified = {2018-08-16 00:35:52 +0300},
	publisher = {MIT press},
	title = {Bounded rationality: The adaptive toolbox},
	year = {2002}}

@inproceedings{Wooldridge:1994aa,
	author = {Wooldridge, Michael and Jennings, Nicholas R},
	booktitle = {International Workshop on Agent Theories, Architectures, and Languages},
	date-added = {2018-08-16 00:35:13 +0300},
	date-modified = {2022-09-29 12:23:57 -0700},
	pages = {1--39},
	title = {Agent theories, architectures, and languages: a survey},
	year = {1994}}

@article{Icard:2018aa,
	author = {Icard, Thomas F},
	date-added = {2018-08-16 00:33:26 +0300},
	date-modified = {2018-08-16 00:33:26 +0300},
	journal = {Philosophy of Science},
	number = {1},
	pages = {79--101},
	publisher = {University of Chicago Press Chicago, IL},
	title = {Bayes, Bounds, and Rational Analysis},
	volume = {85},
	year = {2018}}

@article{Bratman:1992aa,
	author = {Bratman, Michael Edward},
	date-added = {2018-08-05 20:47:31 +0300},
	date-modified = {2018-09-20 09:14:50 -0700},
	journal = {Minds and Machines},
	pages = {1--16},
	title = {Planning and the Stability of Intention},
	volume = {2},
	year = {1992}}

@article{Bratman:2012aa,
	author = {Bratman, Michael Edward},
	date-added = {2018-08-05 17:49:49 +0200},
	date-modified = {2018-09-20 09:14:28 -0700},
	journal = {Philosophical Issues},
	pages = {73--88},
	title = {Time, Rationality, and Self-governance},
	volume = {22},
	year = {2012}}

@article{McCann:1991aa,
	author = {McCann, Hugh Joseph},
	date-added = {2018-08-04 11:10:40 -0700},
	date-modified = {2018-09-20 09:46:14 -0700},
	journal = {American Philosophical Quarterly},
	number = {1},
	pages = {25--36},
	title = {Settled Objectives and Rational Constraints},
	volume = {28},
	year = {1991}}

@inbook{Bratman:1999ac,
	author = {Bratman, Michael Edward},
	booktitle = {Faces of intention: Selected essays on intention and agency},
	date-added = {2018-07-31 20:00:01 -0700},
	date-modified = {2018-09-20 09:14:41 -0700},
	pages = {25--57},
	publisher = {Cambridge University Press},
	title = {Planning and Temptation},
	year = {1999}}

@book{Titelbaum:2013aa,
	author = {Titelbaum, Michael G},
	date-added = {2018-07-30 22:30:07 -0700},
	date-modified = {2018-07-30 22:30:26 -0700},
	publisher = {Oxford University Press},
	title = {Quitting Certainties: A Bayesian Framework Modeling Degrees of Belief},
	year = {2013}}

@book{Nagal:1979aa,
	address = {New York},
	author = {Nagal, Thomas},
	date-added = {2018-07-28 15:02:22 -0700},
	date-modified = {2018-07-28 15:02:57 -0700},
	publisher = {Cambridge University Press},
	title = {Mortal Questions},
	year = {1979}}

@book{Simon:1957aa,
	address = {New York},
	author = {Simon, Herbert Alexander},
	date-added = {2018-07-27 21:30:25 -0700},
	date-modified = {2018-09-20 09:49:19 -0700},
	publisher = {John Wiley and Sons},
	title = {Models of Man, Social and Rational: Mathematical Essays on Rational Human Behavior in a Social Setting},
	year = {1957}}

@article{Simon:1955aa,
	author = {Simon, Herbert Alexander},
	date-added = {2018-07-27 21:28:59 -0700},
	date-modified = {2018-09-20 09:49:23 -0700},
	journal = {The Quarterly Journal of Economics},
	number = {1},
	pages = {99--118},
	publisher = {MIT Press},
	title = {A Behavioral Model of Rational Choice},
	volume = {69},
	year = {1955}}

@book{Simon:1997aa,
	address = {New York},
	author = {Simon, Herbert Alexander},
	date-added = {2018-07-27 19:53:24 -0700},
	date-modified = {2020-02-18 14:30:41 -0800},
	edition = {Fourth},
	publisher = {The Free Press},
	title = {Administrative Behavior: A Study of Decision-Making Processes in Administrative Organizations},
	year = {1997}}

@article{Morton:2011aa,
	author = {Morton, Jennifer M},
	date-added = {2018-07-26 20:52:45 +0000},
	date-modified = {2018-07-26 20:52:46 +0000},
	journal = {European Journal of Philosophy},
	number = {4},
	pages = {561--584},
	publisher = {Wiley Online Library},
	title = {Toward an ecological theory of the norms of practical deliberation},
	volume = {19},
	year = {2011}}

@article{Morton:2017aa,
	author = {Morton, Jennifer M},
	date-added = {2018-07-26 20:47:10 +0000},
	date-modified = {2018-07-26 20:47:10 +0000},
	journal = {Australasian Journal of Philosophy},
	number = {3},
	pages = {543--559},
	publisher = {Taylor \& Francis},
	title = {Reasoning under Scarcity},
	volume = {95},
	year = {2017}}

@article{Pettit:1993aa,
	author = {Pettit, Philip and Smith, Michael},
	date-added = {2018-07-26 20:33:42 +0000},
	date-modified = {2018-07-26 20:33:47 +0000},
	journal = {Mind},
	number = {405},
	pages = {53--79},
	title = {Practical unreason},
	volume = {102},
	year = {1993}}

@article{Pettit:2006aa,
	author = {Pettit, Philip},
	date-added = {2018-07-26 19:00:14 +0000},
	date-modified = {2018-07-26 19:00:15 +0000},
	journal = {Royal Institute of Philosophy Supplements},
	pages = {131--154},
	publisher = {Cambridge University Press},
	title = {Preference, deliberation and satisfaction},
	volume = {59},
	year = {2006}}

@incollection{Pettit:1991aa,
	author = {Pettit, Philip},
	booktitle = {Foundations of Decision Theory},
	date-added = {2018-07-26 18:45:43 +0000},
	date-modified = {2018-07-26 18:47:54 +0000},
	editor = {Bacharach, Michael and Hurley, Susan},
	publisher = {Basic Blackwell},
	title = {Decision Theory and Folk Psychology},
	year = {1991}}

@incollection{Davidson:1980aa,
	author = {Davidson, Donald},
	booktitle = {Agency},
	date-added = {2018-07-25 01:11:11 +0000},
	date-modified = {2018-07-25 01:11:43 +0000},
	pages = {43--61},
	publisher = {Oxford University Press},
	title = {Agency},
	year = {1980}}

@inbook{Bratman:1999ab,
	author = {Bratman, Michael Edward},
	booktitle = {Faces of intention: Selected essays on intention and agency},
	date-added = {2018-07-24 21:09:59 +0000},
	date-modified = {2018-09-20 09:14:43 -0700},
	pages = {225--249},
	publisher = {Cambridge University Press},
	title = {Casta\~{n}eda's Theory of Thought and Action},
	year = {1999}}

@book{Bratman:1999aa,
	author = {Bratman, Michael Edward},
	date-added = {2018-07-24 21:09:57 +0000},
	date-modified = {2018-09-20 10:50:54 -0700},
	publisher = {Cambridge University Press},
	title = {Faces of Intention: Selected Essays on Intention and Agency},
	year = {1999}}

@incollection{Velleman:2000aa,
	address = {Oxford},
	author = {Velleman, James David},
	booktitle = {The Possibility of Practical Reason},
	date-added = {2018-07-22 17:41:11 +0000},
	date-modified = {2018-09-20 09:51:40 -0700},
	pages = {244--81},
	publisher = {Oxford University Press},
	title = {On the aim of belief},
	year = {2000}}

@book{Setiya:2007ab,
	author = {Setiya, Kieran},
	date-added = {2018-07-22 03:25:13 +0000},
	date-modified = {2018-07-22 03:26:12 +0000},
	publisher = {Princeton University Press},
	title = {Reasons without rationalism},
	year = {2007}}

@book{Anscombe:1957aa,
	author = {Anscombe, Gertrude Elizabeth Margaret},
	date-added = {2018-07-21 23:04:44 +0000},
	date-modified = {2018-07-21 23:04:45 +0000},
	publisher = {Harvard University Press},
	title = {Intention},
	year = {1957}}

@article{Setiya:2007aa,
	author = {Setiya, Kieran},
	date-added = {2018-07-21 01:32:50 +0000},
	date-modified = {2018-07-21 01:32:52 +0000},
	journal = {Ethics},
	number = {4},
	pages = {649--673},
	publisher = {The University of Chicago Press},
	title = {Cognitivism about instrumental reason},
	volume = {117},
	year = {2007}}

@article{Paul:2009aa,
	author = {Paul, Sarah Katherine},
	date-added = {2018-07-21 01:32:12 +0000},
	date-modified = {2018-09-20 09:48:38 -0700},
	journal = {Ethics},
	number = {3},
	pages = {546--557},
	publisher = {The University of Chicago Press},
	title = {Intention, belief, and wishful thinking: Setiya on ``practical knowledge''},
	volume = {119},
	year = {2009}}

@article{Setiya:2009aa,
	author = {Setiya, Kieran},
	date-added = {2018-07-21 01:32:03 +0000},
	date-modified = {2018-07-21 01:32:04 +0000},
	journal = {Ethics},
	number = {1},
	pages = {128--137},
	publisher = {The University of Chicago Press},
	title = {Practical knowledge revisited},
	volume = {120},
	year = {2009}}

@article{Setiya:2008aa,
	author = {Setiya, Kieran},
	date-added = {2018-07-21 01:31:51 +0000},
	date-modified = {2018-07-21 01:31:55 +0000},
	journal = {Ethics},
	number = {3},
	pages = {388--409},
	publisher = {The University of Chicago Press},
	title = {Practical knowledge},
	volume = {118},
	year = {2008}}

@book{Scanlon:1998aa,
	author = {Scanlon, Thomas},
	date-added = {2018-07-15 22:46:33 +0000},
	date-modified = {2018-07-15 22:46:49 +0000},
	publisher = {Harvard University Press},
	title = {What We Owe to Each Other},
	year = {1998}}

@book{Hume:2011aa,
	author = {Hume, David \hypertarget{Hume:2011aa}{}},
	date-added = {2018-07-15 22:27:52 +0000},
	date-modified = {2018-07-15 22:36:57 +0000},
	editor = {David Fate Norton and Mary J. Norton},
	publisher = {Oxford University Press},
	title = {A Treatise of Human Nature: Volume 1: Texts},
	year = {2011}}

@article{Dellsen:2017aa,
	author = {Dellsen, Finnur and Sharadin, Nathaniel},
	date-added = {2018-07-14 21:14:00 +0000},
	date-modified = {2018-07-14 21:14:01 +0000},
	journal = {Journal of the American Philosophical Association},
	number = {2},
	pages = {209--226},
	publisher = {Cambridge University Press},
	title = {The Beliefs and Intentions of Buridan's Ass},
	volume = {3},
	year = {2017}}

@article{Sinhababu:2013aa,
	author = {Sinhababu, Neil},
	date-added = {2018-07-14 01:21:11 +0000},
	date-modified = {2018-07-14 01:21:11 +0000},
	journal = {No{\^u}s},
	number = {4},
	pages = {680--696},
	publisher = {Wiley Online Library},
	title = {The Desire-Belief Account of Intention Explains Everything},
	volume = {47},
	year = {2013}}

@article{Davidson:1963aa,
	author = {Davidson, Donald},
	date-added = {2018-07-12 02:04:17 +0000},
	date-modified = {2018-07-12 02:04:31 +0000},
	journal = {The Journal of Philosophy},
	number = {23},
	pages = {685--700},
	title = {Actions, Reasons, and Causes},
	volume = {60},
	year = {1963}}

@book{Buchak:2013aa,
	author = {Buchak, Lara Marie},
	date-added = {2018-07-02 19:46:06 +0000},
	date-modified = {2018-07-02 21:52:08 +0000},
	publisher = {Oxford University Press},
	title = {Risk and rationality},
	year = {2013}}

@article{Karttunen:1977aa,
	author = {Karttunen, Lauri},
	date-added = {2018-05-21 17:30:11 +0000},
	date-modified = {2018-05-21 17:30:12 +0000},
	journal = {Linguistics and philosophy},
	number = {1},
	pages = {3--44},
	publisher = {Springer},
	title = {Syntax and semantics of questions},
	volume = {1},
	year = {1977}}

@article{Ferrero:2012aa,
	author = {Ferrero, Luca},
	date-added = {2018-05-21 06:26:08 +0000},
	date-modified = {2018-05-21 06:26:09 +0000},
	journal = {Philosophical Issues},
	number = {1},
	pages = {144--164},
	publisher = {Wiley Online Library},
	title = {Diachronic constraints of practical rationality},
	volume = {22},
	year = {2012}}

@incollection{Hieronymi:2018aa,
	author = {Hieronymi, Pamela},
	booktitle = {Routledge Handbook of Practical Reasoning},
	date-added = {2018-05-19 22:18:27 +0000},
	date-modified = {2018-05-21 18:24:57 +0000},
	note = {in process},
	publisher = {Routledge},
	title = {Reasoning First},
	year = {2018}}

@book{Thaler:2008aa,
	address = {New Haven, CT},
	author = {Thaler, R.H. and Sunstein, C.R.},
	date-added = {2018-02-07 22:59:02 +0000},
	date-modified = {2018-02-07 22:59:51 +0000},
	publisher = {Yale University Press},
	title = {Nudge: Improving Decisions about Health, Wealth, and Happiness},
	year = {2008}}

@incollection{Hamblin:1976aa,
	author = {Hamblin, Charles L},
	booktitle = {Montague grammar},
	date-added = {2018-02-07 07:19:25 +0000},
	date-modified = {2018-02-07 07:19:25 +0000},
	pages = {247--259},
	publisher = {Elsevier},
	title = {Questions in montague english},
	year = {1976}}

@incollection{Bratman:2018aa,
	author = {Bratman, Michael Edward},
	booktitle = {Planning, Time, and Self-Governance: Essays in Practical Rationality},
	date-added = {2018-01-08 01:56:38 +0000},
	date-modified = {2018-09-20 09:14:14 -0700},
	note = {forthcoming},
	publisher = {Oxford University Press},
	title = {Introduction: The Planning Framework},
	year = {2018}}

@article{Bratman:2017ad,
	author = {Bratman, Michael Edward},
	date-added = {2018-01-08 01:51:51 +0000},
	date-modified = {2018-09-20 09:14:16 -0700},
	journal = {Royal Institute of Philosophy Supplement},
	pages = {25--48},
	title = {Rational Planning Agency},
	volume = {80},
	year = {2017}}

@inproceedings{Bratman:2010aa,
	author = {Bratman, Michael Edward},
	booktitle = {Proceedings and Addresses of the American Philosophical Association},
	date-added = {2018-01-08 01:50:30 +0000},
	date-modified = {2018-09-20 09:14:30 -0700},
	number = {2},
	pages = {7--26},
	title = {Agency, Time, and Sociality},
	volume = {84},
	year = {2010}}

@article{Bratman:2009aa,
	author = {Bratman, Michael Edward},
	date-added = {2018-01-08 01:50:00 +0000},
	date-modified = {2018-09-20 10:50:35 -0700},
	journal = {Ethics},
	number = {3},
	pages = {411--443},
	publisher = {The University of Chicago Press},
	title = {Intention, Practical Rationality, and Self-governance},
	volume = {119},
	year = {2009}}

@article{Bratman:1990aa,
	author = {Bratman, Michael Edward},
	date-added = {2017-12-30 04:10:27 +0000},
	date-modified = {2018-09-20 09:14:52 -0700},
	journal = {Intentions in Communication},
	pages = {15--32},
	title = {What is Intention?},
	year = {1990}}

@article{Bratman:1988aa,
	author = {Bratman, Michael Edward and Israel, David J and Pollack, Martha Elizabeth},
	date-added = {2017-12-29 20:07:15 +0000},
	date-modified = {2018-09-20 10:53:01 -0700},
	journal = {Computational intelligence},
	number = {3},
	pages = {349--355},
	publisher = {Wiley Online Library},
	title = {Plans and Resource-bounded Practical Reasoning},
	volume = {4},
	year = {1988}}

@incollection{Levin:2017aa,
	author = {Levin, Janet},
	booktitle = {The Stanford Encyclopedia of Philosophy},
	date-added = {2017-11-25 21:56:50 +0000},
	date-modified = {2017-11-25 21:56:51 +0000},
	edition = {Winter 2017},
	editor = {Edward N. Zalta},
	howpublished = {\url{https://plato.stanford.edu/archives/win2017/entries/functionalism/}},
	publisher = {Metaphysics Research Lab, Stanford University},
	title = {Functionalism},
	year = {2017}}

@article{Smart:1956aa,
	author = {Smart, John Jamieson Carswell},
	date-added = {2017-11-12 22:16:40 +0000},
	date-modified = {2018-01-08 02:00:44 +0000},
	journal = {The Philosophical Quarterly},
	number = {25},
	pages = {344--354},
	title = {Extreme and restricted utilitarianism},
	volume = {6},
	year = {1956}}

@incollection{Bratman:2018ab,
	author = {Bratman, Michael Edward},
	booktitle = {The Routledge Handbook of Practical Reason},
	date-added = {2017-11-04 00:33:52 +0000},
	date-modified = {2018-09-20 09:14:11 -0700},
	editor = {Chang, Ruth and Sylvan, Kurt},
	note = {Draft available at \url{https://philosophy.stanford.edu/sites/default/files/publications/bratman.routledge.2017.060917.2.web_.pdf}},
	publisher = {Routledge},
	title = {Plan Rationality},
	year = {forthcoming}}

@book{Holton:2009aa,
	author = {Holton, Richard},
	date-added = {2017-10-28 00:31:54 +0000},
	date-modified = {2017-10-28 00:31:55 +0000},
	publisher = {Oxford University Press},
	title = {Willing, wanting, waiting},
	year = {2009}}

@article{Tenenbaum:2014aa,
	author = {Tenenbaum, Sergio},
	date-added = {2017-10-25 00:39:53 +0000},
	date-modified = {2017-10-25 00:39:55 +0000},
	journal = {Inquiry},
	number = {3},
	pages = {384--411},
	publisher = {Routledge},
	title = {Minimalism about Intention: A Modest Defense},
	volume = {57},
	year = {2014}}

@book{Bratman:2007aa,
	address = {Oxford},
	author = {Bratman, Michael Edward},
	date-added = {2017-09-20 17:37:35 +0000},
	date-modified = {2018-09-20 09:14:39 -0700},
	publisher = {Oxford University Press},
	title = {Structures of Agency: Essays},
	year = {2007}}

@inbook{Bratman:2007ab,
	author = {Bratman, Michael Edward},
	booktitle = {Structures of Agency: Essays},
	date-added = {2017-09-20 17:37:35 +0000},
	date-modified = {2018-09-20 09:14:37 -0700},
	pages = {257--282},
	publisher = {Oxford University Press},
	title = {Temptation Revisited},
	year = {2007}}

@book{Korsgaard:1996aa,
	author = {Christine M. Korsgaard},
	date-added = {2017-09-01 18:07:28 +0000},
	date-modified = {2017-09-03 18:32:03 +0000},
	publisher = {Cambridge University Press},
	title = {The Sources of Normativity},
	year = {1996}}

@article{Tenenbaum:2016aa,
	author = {Tenenbaum, Sergio},
	date-added = {2017-08-27 23:20:30 +0000},
	date-modified = {2017-08-27 23:20:31 +0000},
	journal = {No{\^u}s},
	publisher = {Wiley Online Library},
	title = {Reconsidering intentions},
	year = {2016}}

@article{Bratman:1989aa,
	author = {Bratman, Michael Edward},
	date-added = {2017-08-27 20:02:19 +0000},
	date-modified = {2018-09-20 09:14:54 -0700},
	journal = {Philosophical Perspectives},
	pages = {443--469},
	publisher = {Wiley-Blackwell},
	title = {Intention and Personal Policies},
	volume = {3},
	year = {1989}}

@techreport{Heller:1997aa,
	author = {Michael Heller},
	date-added = {2017-06-14 18:02:37 +0000},
	date-modified = {2017-06-14 18:21:15 +0000},
	institution = {William Davidson Institute at the University of Michigan},
	month = Feb,
	number = {40},
	title = {{The Tragedy of the Anticommons: Property in the Transiton from Marx to Markets}},
	type = {William Davidson Institute Working Papers Series},
	year = 1997}

@article{Hardin:1968aa,
	author = {Hardin, Garrett},
	date-added = {2017-06-12 00:09:29 +0000},
	date-modified = {2017-06-14 18:21:32 +0000},
	issn = {0036-8075},
	journal = {Science},
	number = {3859},
	pages = {1243--1248},
	publisher = {American Association for the Advancement of Science},
	title = {The Tragedy of the Commons},
	volume = {162},
	year = {1968}}

@book{Lloyd:1833aa,
	author = {Lloyd, William Forster},
	date-added = {2017-06-11 23:55:35 +0000},
	date-modified = {2017-06-11 23:55:37 +0000},
	publisher = {JH Parker},
	title = {Two Lectures on the Checks to Population: Delivered Before the University of Oxford, in Michaelmas Term 1832},
	year = {1833}}

@misc{Goldman:1998aa,
	author = {Kenneth Goldman and Joe Hoffert},
	date-added = {2017-06-05 16:56:43 +0000},
	date-modified = {2017-06-05 16:56:44 +0000},
	title = {A Modification to the Chandy-Misra Dining Philosophers Algorithm to Support Dynamic Resource Conflict Graphs},
	year = {1998}}

@article{Chandy:1984aa,
	author = {Chandy, Kanianthra Mani and Misra, Jayadev},
	date-added = {2017-06-03 00:21:56 +0000},
	date-modified = {2017-06-05 23:11:03 +0000},
	journal = {ACM Transactions on Programming Languages and Systems (TOPLAS)},
	number = {4},
	pages = {632--646},
	publisher = {ACM},
	title = {The drinking philosophers problem},
	volume = {6},
	year = {1984}}

@inproceedings{Hoare:1978aa,
	author = {Hoare, Charles Antony Richard},
	booktitle = {Communications of the ACM},
	date-added = {2017-05-27 21:18:15 +0000},
	date-modified = {2017-06-05 23:12:46 +0000},
	journal = {Communications},
	number = {8},
	pages = {666--677},
	title = {Communication Sequential Processes},
	volume = {21},
	year = {1978}}

@incollection{Dijkstra:1968aa,
	author = {Dijkstra, Edsger Wybe},
	booktitle = {The origin of concurrent programming},
	date-added = {2017-05-27 21:09:36 +0000},
	date-modified = {2017-06-05 23:11:43 +0000},
	pages = {65--138},
	publisher = {Springer},
	title = {Cooperating sequential processes},
	year = {1968}}

@book{Downey:2016aa,
	author = {Downey, Allen},
	date-added = {2017-05-27 18:19:12 +0000},
	date-modified = {2017-05-27 18:20:12 +0000},
	note = {\url{http://greenteapress.com/semaphores/LittleBookOfSemaphores.pdf}},
	publisher = {Green Tea Press},
	title = {The little book of semaphores},
	year = {2016}}

@book{Shene:2011aa,
	author = {Ching-Kuang Shene},
	date-added = {2017-05-27 17:42:39 +0000},
	date-modified = {2017-05-27 17:54:53 +0000},
	howpublished = {http://www.cs.mtu.edu/~shene/NSF-3/e-Book/index.html},
	note = {\url{http://www.cs.mtu.edu/~shene/NSF-3/e-Book/index.html}},
	title = {Multithreaded Programming with ThreadMentor: A Tutorial},
	year = {2014}}

@book{Patil:1971aa,
	author = {Patil, Suhas Shrikrishna},
	date-added = {2017-05-27 17:28:30 +0000},
	date-modified = {2018-07-21 23:04:43 +0000},
	publisher = {Massachusetts Institute of Technology, Project MAC},
	title = {Limitations and capabilities of Dijkstra's semaphore primitives for coordination among processes},
	year = {1971}}

@book{Bratman:1987aa,
	author = {Bratman, Michael Edward},
	date-added = {2017-05-24 04:20:44 +0000},
	date-modified = {2018-09-20 09:15:04 -0700},
	publisher = {Center for the Study of Language and Information},
	title = {Intention, Plans, and Practical Reason},
	year = {1987}}

@article{Shapiro:2002aa,
	author = {Shapiro, Scott J},
	date-added = {2017-05-19 21:35:47 +0000},
	date-modified = {2017-05-19 21:35:53 +0000},
	journal = {Legal Theory},
	number = {04},
	pages = {387--441},
	publisher = {Cambridge University Press},
	title = {Law, plans, and practical reason},
	volume = {8},
	year = {2002}}

@article{Ciardelli:2013aa,
	author = {Ciardelli, Ivano and Groenendijk, Jeroen and Roelofsen, Floris},
	date-added = {2017-05-19 17:05:55 +0000},
	date-modified = {2017-05-19 17:05:55 +0000},
	journal = {Language and Linguistics Compass},
	number = {9},
	pages = {459--476},
	publisher = {Wiley Online Library},
	title = {Inquisitive semantics: a new notion of meaning},
	volume = {7},
	year = {2013}}

@article{Pettit:2010aa,
	author = {Pettit, Philip},
	date-added = {2017-05-19 00:26:17 +0000},
	date-modified = {2018-01-08 01:59:25 +0000},
	journal = {Social Epistemology: Essential Readings},
	pages = {242},
	publisher = {Oxford University Press},
	read = {0},
	title = {Groups with minds of their own},
	year = {2010}}

@incollection{Roth:2017aa,
	author = {Roth, Abraham Sesshu},
	booktitle = {The Stanford Encyclopedia of Philosophy},
	date-added = {2017-05-19 00:25:49 +0000},
	date-modified = {2017-05-19 00:25:50 +0000},
	edition = {Summer 2017},
	editor = {Edward N. Zalta},
	howpublished = {\url{https://plato.stanford.edu/archives/sum2017/entries/shared-agency/}},
	publisher = {Metaphysics Research Lab, Stanford University},
	title = {Shared Agency},
	year = {2017}}

@incollection{Bratman:2017aa,
	author = {Bratman, Michael Edward},
	booktitle = {The Moral Responsibility of Firms},
	date-added = {2017-04-28 23:23:06 +0000},
	date-modified = {2018-09-20 09:14:18 -0700},
	editor = {Orts, Eric W and Smith, N Craig},
	pages = {36--52},
	publisher = {Oxford University Press},
	title = {The Intentions of a Group},
	year = {2017}}

@incollection{Foot:1977aa,
	author = {Foot, Philippa},
	booktitle = {Virtues and Vices},
	date-added = {2017-04-18 18:44:12 +0000},
	date-modified = {2017-05-12 17:42:10 +0000},
	pages = {157--173},
	publisher = {University of California Press},
	title = {Morality as a System of Hypothetical Imperatives},
	year = {1977}}

@article{Shapiro:2006aa,
	author = {Shapiro, Scott J},
	date-added = {2017-04-18 01:19:31 +0000},
	date-modified = {2017-06-14 22:52:45 +0000},
	journal = {Fordham Law Review},
	pages = {1157--1170},
	title = {What is the Internal Point of View?},
	volume = {75},
	year = {2006}}

@book{Hart:1994aa,
	author = {Hart, Herbert Lionel Adolphus},
	date-added = {2017-04-18 01:16:23 +0000},
	date-modified = {2017-04-18 01:27:38 +0000},
	edition = {Second edition},
	note = {With a Postscript edited by Penelope A.\ Bulloch and Joseph Raz},
	publisher = {Oxford University Press},
	title = {The Concept of Law},
	year = {1994}}

@incollection{Shapiro:2014aa,
	author = {Shapiro, Scott J},
	booktitle = {Rational and Social Agency: The Philosophy of Michael Bratman},
	date-added = {2017-04-18 01:14:32 +0000},
	date-modified = {2018-01-08 02:00:55 +0000},
	editor = {Vargas, Manuel and Yaffe, Gideon},
	pages = {257--293},
	publisher = {Oxford University Press},
	title = {Massively Shared Agency},
	year = {2014}}

@article{Bratman:2015ab,
	author = {Bratman, Michael Edward},
	date-added = {2017-04-09 16:42:18 +0000},
	date-modified = {2018-09-20 09:14:20 -0700},
	journal = {Journal of Social Ontology},
	number = {1},
	pages = {59--76},
	title = {Shared Agency: Replies to Ludwig, Pacherie, Petersson, Roth, and Smith},
	volume = {1},
	year = {2015}}

@article{Smith:2015aa,
	author = {Smith, Thomas H},
	date-added = {2017-04-09 16:41:57 +0000},
	date-modified = {2017-04-09 16:43:02 +0000},
	journal = {Journal of Social Ontology},
	number = {1},
	pages = {49--57},
	title = {Shared Agency on Gilbert and deep continuity},
	volume = {1},
	year = {2015}}

@article{Roth:2015aa,
	author = {Roth, Abraham Sesshu},
	date-added = {2017-04-09 16:41:26 +0000},
	date-modified = {2017-12-29 23:40:11 +0000},
	journal = {Journal of Social Ontology},
	number = {1},
	pages = {39--48},
	title = {Practical Intersubjectivity and Normative Guidance},
	volume = {1},
	year = {2015}}

@article{Ludwig:2015aa,
	author = {Ludwig, Kirk},
	date-added = {2017-04-09 16:40:32 +0000},
	date-modified = {2017-04-09 16:43:02 +0000},
	journal = {Journal of Social Ontology},
	number = {1},
	pages = {7--15},
	title = {Shared Agency in Modest Sociality},
	volume = {1},
	year = {2015}}

@article{Bratman:2015aa,
	author = {Bratman, Michael Edward},
	date-added = {2017-04-09 16:40:10 +0000},
	date-modified = {2018-09-20 09:14:23 -0700},
	journal = {Journal of Social Ontology},
	number = {1},
	pages = {1--5},
	title = {Pr{\'e}cis of Shared agency: a planning theory of acting together},
	volume = {1},
	year = {2015}}

@book{Bratman:2014aa,
	author = {Bratman, Michael Edward},
	date-added = {2017-04-09 16:39:13 +0000},
	date-modified = {2018-09-20 10:50:25 -0700},
	publisher = {Oxford University Press},
	title = {Shared agency: A Planning Theory of Acting Together},
	year = {2014}}
